@misc{Sam2005,
    author    = "Sam and Nate Reid",
    title     = "The Self-Driven Particle Model - An Interactive Tutorial",
    howpublished = "\url{http://tutorials.siam.org/dsweb/particles/}",
    year     = "2005",
}

@inproceedings{Gao2018,
author={G. Rui and M. Chitre}, 
booktitle={2018 IEEE/OES Autonomous Underwater Vehicles (AUV 2018), (Porto, Portugal) }, 
title={Path Planning for Bathymetry-aided Underwater Navigation}, 
year={2018}, 
month={Nov},}

@inproceedings{Marin2018,
author={Marin Stipanov  and Stefano Fioravanti }, 
booktitle={2018 IEEE/OES Autonomous Underwater Vehicles (AUV 2018), (Porto, Portugal) }, 
title={CAMELOT - Localization Beacon System }, 
year={2018}, 
month={Nov},}

@inproceedings{Giovanni2018,
author={Giovanni Indiveri}, 
booktitle={2018 IEEE/OES Autonomous Underwater Vehicles (AUV 2018), (Porto, Portugal) }, 
title={Geotechnical Surveys with Cooperative Autonomous Marine Vehicles: the EC WiMust project }, 
year={2018}, 
month={Nov},}

@inproceedings{AlexPhillips2018B,
author={Alexander Phillips and 
Davide Fenucci and 
Andrea Munafò and 
Jeffrey Neasham and
Naomi Gold and 	
Jeremy Sitbon and
Iain Vincent and
Terry Sloane}, 
booktitle={2018 IEEE/OES Autonomous Underwater Vehicles (AUV 2018), (Porto, Portugal) }, 
title={Development of smart networks for navigation in
dynamic underwater environments }, 
year={2018}, 
month={Nov},}



@inproceedings{NilsBore2018,
author={Nils Bore and Ignacio Torroba and John Folkesson }, 
booktitle={2018 IEEE/OES Autonomous Underwater Vehicles (AUV 2018), (Porto, Portugal) }, 
title={Sparse Gaussian Process SLAM, Storage and Filtering for AUV Multibeam Bathymetry  }, 
year={2018}, 
month={Nov},}

@INPROCEEDINGS{Barkby2011, 
author={S. Barkby and S. B. Williams and O. Pizarro and M. V. Jakuba}, 
booktitle={2011 IEEE/RSJ International Conference on Intelligent Robots and Systems}, 
title={Bathymetric SLAM with no map overlap using Gaussian Processes}, 
year={2011}, 
volume={}, 
number={}, 
pages={1242-1248}, 
keywords={bathymetry;Gaussian processes;image reconstruction;image representation;image sampling;mobile robots;particle filtering (numerical methods);regression analysis;remotely operated vehicles;SLAM (robots);underwater vehicles;bathymetric SLAM;featureless approach;bathymetric simultaneous localization and mapping;Rao-Blackwellized particle filter;Gaussian process regression;memory requirement reduction;map representation;loop closure detection;map reconstruction;spatial correlation;particle resampling;seafloor structure;autonomous underwater vehicle;Trajectory;Navigation;Vehicles;Simultaneous localization and mapping;Uncertainty;Atmospheric measurements;Particle measurements}, 
doi={10.1109/IROS.2011.6094730}, 
ISSN={2153-0866}, 
month={Sep.},}

@inproceedings{AlexPhillips2018,
author={Alexander Phillips and Georgios Salavasidis and
Matt Kingsland and
Catherine Harris and
Miles Pebody and
Daniel Roper and
Robert Templeton and
Stephen McPhail and
Thomas Prampart and
Terry Wood and
Ruth Taylor and
Tiefion Jones}, 
booktitle={2018 IEEE/OES Autonomous Underwater Vehicles (AUV 2018), (Porto, Portugal) }, 
title={Autonomous Surface/Subsurface Survey System Field Trials }, 
year={2018}, 
month={Nov},}


@INPROCEEDINGS{Gao2017, 
author={G. Rui and M. Chitre}, 
booktitle={2017 14th International Conference on Ubiquitous Robots and Ambient Intelligence (URAI)}, 
title={On distributed processing for underwater cooperative localization}, 
year={2017}, 
volume={}, 
number={}, 
pages={507-511}, 
keywords={distributed processing;filtering theory;sensor fusion;telecommunication links;underwater acoustic communication;underwater cooperative localization;underwater communication links;distributed processing architecture;information fusion;naive filtering;Noise measurement;Target tracking;Estimation;Robot sensing systems;Fuses;Bars;Kalman filters;Distributed estimation;cooperative tracking;cooperative localization;marine robots}, 
doi={10.1109/URAI.2017.7992655}, 
ISSN={}, 
month={June},}

@INPROCEEDINGS{Gao2016, 
author={G. Rui and M. Chitre}, 
booktitle={2016 IEEE/OES Autonomous Underwater Vehicles (AUV)}, 
title={Cooperative multi-AUV localization using distributed extended information filter}, 
year={2016}, 
volume={}, 
number={}, 
pages={206-212}, 
keywords={autonomous underwater vehicles;information filtering;marine control;mobile robots;telerobotics;cooperative multiAUV localization;distributed extended information filter;single-AUV localization;data sharing;terrestrial communication links;underwater communication links;channel stability;channel bandwidth;decentralized localization;DEIF;small transmission packets;constrained underwater communication;Vehicles;Correlation;Kalman filters;Estimation;Bandwidth;Underwater communication;Global Positioning System}, 
doi={10.1109/AUV.2016.7778673}, 
ISSN={2377-6536}, 
month={Nov},}

@ARTICLE{Chang1997, 
author={K. C. Chang and R. K. Saha and Y. Bar-Shalom}, 
journal={IEEE Transactions on Aerospace and Electronic Systems}, 
title={On optimal track-to-track fusion}, 
year={1997}, 
volume={33}, 
number={4}, 
pages={1271-1276}, 
keywords={sensor fusion;performance evaluation;tracking;maximum likelihood estimation;optimisation;optimal track-to-track fusion;process noise;target maneuvering;cross-covariance;track estimates;fusion formula;local estimates;dependency;Bayesian derivation;approximation;maximum likelihood;performance evaluation;track-to-track fusion;Target tracking;Sensor phenomena and characterization;Maximum likelihood estimation;Testing;Sensor systems;Noise measurement;Bayesian methods;Systems engineering and theory;Time measurement;Bandwidth}, 
doi={10.1109/7.625124}, 
ISSN={0018-9251}, 
month={Oct},}

@INPROCEEDINGS{liu2014, 
author={J. Liu and Z. Wang and Z. Peng and J. Cui and L. Fiondella}, 
booktitle={IEEE INFOCOM 2014 - IEEE Conference on Computer Communications}, 
title={Suave: Swarm underwater autonomous vehicle localization}, 
year={2014}, 
volume={}, 
number={}, 
pages={64-72}, 
keywords={autonomous underwater vehicles;probability;swarm intelligence;autonomous underwater vehicles;mobile underwater networks;moving currents;turbulence;coordinated navigation;stealthy navigation;predetermined destination;Suave algorithm;swarm underwater autonomous vehicle localization algorithm;rough waters;AUV swarm;location information;localization reference messages;swarm detection probability;Vehicles;Uncertainty;Accuracy;Computers;Navigation;Conferences;Acoustics}, 
doi={10.1109/INFOCOM.2014.6847925}, 
ISSN={0743-166X}, 
month={April},}


@INCOLLECTION{Spires1998,
  author = {Spires, ShannonV. and Goldsmith, StevenY.},
  title = {Exhaustive geographic search with mobile robots along space-filling
	curves},
  booktitle = {Collective Robotics},
  publisher = {Springer Berlin Heidelberg},
  year = {1998},
  editor = {Drogoul, Alexis and Tambe, Milind and Fukuda, Toshio},
  volume = {1456},
  series = {Lecture Notes in Computer Science},
  pages = {1-12},
  doi = {10.1007/BFb0033369},
  isbn = {978-3-540-64768-3},
  url = {http://dx.doi.org/10.1007/BFb0033369}
}


@INPROCEEDINGS{SI1, 
author={S. C. Nair and E. M. Coronado and M. T. Frye and Y. Qin}, 
booktitle={2015 10th System of Systems Engineering Conference (SoSE)}, 
title={Swarm intelligence for the control of a group of robots}, 
year={2015}, 
volume={}, 
number={}, 
pages={205-207}, 
keywords={mobile robots;multi-robot systems;navigation;particle swarm optimisation;search problems;swarm intelligence;vehicles;swarm intelligence;sensorimotor systems;sensory science;natural flight;collaborative robot control;autonomous vehicle systems lab;biologically inspired robots;particle swarm optimization technique;PSO technique;social characteristic analysis;multirobot system design;collective behavioral techniques;insect foraging behavior;search behavior;Robot sensing systems;Particle swarm optimization;Robot kinematics;Insects;Systems engineering and theory;Complexity theory;emergence;swarm intelligence;mathematical modeling;biologically inspired robots}, 
doi={10.1109/SYSOSE.2015.7151906}, 
ISSN={}, 
month={May},}

@INPROCEEDINGS{SI2, 
author={D. R. Parhi and J. K. Pothal and M. K. Singh}, 
booktitle={2009 World Congress on Nature Biologically Inspired Computing (NaBIC)}, 
title={Navigation of multiple mobile robots using swarm intelligence}, 
year={2009}, 
volume={}, 
number={}, 
pages={1145-1149}, 
keywords={artificial intelligence;mobile robots;multi-robot systems;navigation;optimisation;path planning;navigation;multiple mobile robots;swarm intelligence;cooperative behavior;autonomous collective robots;ant colony optimization;robot path planning;2D environment;Navigation;Mobile robots;Particle swarm optimization;Robot kinematics;Intelligent robots;Ant colony optimization;Educational institutions;Testing;Intelligent agent;Distributed control;Mobile Robot;Ant colony optimization;Swarm Intelligence;Navigation}, 
doi={10.1109/NABIC.2009.5393818}, 
ISSN={}, 
month={Dec},}

@INPROCEEDINGS{SI3, 
author={M. K. Nighot and V. H. Patil and G. S. Mani}, 
booktitle={2012 12th International Conference on Hybrid Intelligent Systems (HIS)}, 
title={Multi-robot hunting based on Swarm Intelligence}, 
year={2012}, 
volume={}, 
number={}, 
pages={203-206}, 
keywords={multi-robot systems;particle swarm optimisation;self-adjusting systems;swarm intelligence;multirobot hunting;swarm intelligence;multirobot system;task assignment;rogue element hunting;multirobot coordinated strategy;MATLAB based simulation;self-organization capability;SI based strategy;Hybrid intelligent systems;Decision support systems;Swarm intelligence;Particle Swarm Optimization;Hunting robots;Multi-robot systems;Cooperative hunting}, 
doi={10.1109/HIS.2012.6421334}, 
ISSN={}, 
month={Dec},}

@INPROCEEDINGS{carreno2010, 
author={S. Carreño and P. Wilson and P. Ridao and Y. Petillot}, 
booktitle={OCEANS 2010 MTS/IEEE SEATTLE}, 
title={A survey on Terrain Based Navigation for AUVs}, 
year={2010}, 
volume={}, 
number={}, 
pages={1-7}, 
keywords={inertial navigation;marine engineering;mobile robots;path planning;radionavigation;remotely operated vehicles;sensors;terrain mapping;underwater vehicles;terrain based navigation;AUV;autonomous underwater vehicle;INS navigation;inertial navigation system;Doppler velocity log sensor;Navigation;Robot sensing systems;Sea measurements;Sonar measurements}, 
doi={10.1109/OCEANS.2010.5664372}, 
ISSN={0197-7385}, 
month={Sept},}

@INPROCEEDINGS{Meduna2010, 
author={D. K. Meduna and S. M. Rock and R. S. McEwen}, 
booktitle={2010 IEEE/OES Autonomous Underwater Vehicles}, 
title={Closed-loop terrain relative navigation for AUVs with non-inertial grade navigation sensors}, 
year={2010}, 
volume={}, 
number={}, 
pages={1-8}, 
keywords={bathymetry;closed loop systems;inertial navigation;remotely operated vehicles;terrain mapping;underwater vehicles;closed-loop terrain relative navigation;AUV;non-inertial grade navigation sensors;underwater vehicles;inertial navigation systems;bathymetry maps;Atmospheric measurements;Particle measurements;Xenon;Acoustic measurements;Global Positioning System;Robots}, 
doi={10.1109/AUV.2010.5779659}, 
ISSN={2377-6536}, 
month={Sept},}

@ARTICLE{Liggins1997, 
author={M. E. Liggins and Chee-Yee Chong and I. Kadar and M. G. Alford and V. Vannicola and S. Thomopoulos}, 
journal={Proceedings of the IEEE}, 
title={Distributed fusion architectures and algorithms for target tracking}, 
year={1997}, 
volume={85}, 
number={1}, 
pages={95-107}, 
keywords={sensor fusion;target tracking;surveillance;estimation theory;air traffic control;distributed fusion architectures;target tracking;surveillance systems;multiple physically distributed sensors;overlapping coverage;multiple processing nodes;information flow;estimation;association;arbitrary fusion architectures;track-to-track association likelihoods;joint probabilistic data association;multiple hypothesis tracking;Target tracking;Sensor fusion;Radar tracking;Computer architecture;Surveillance;Distributed databases;Sensor systems;Fusion power generation;Radar detection;Laboratories}, 
doi={10.1109/JPROC.1997.554211}, 
ISSN={0018-9219}, 
month={Jan},}

@inproceedings{Rodrigo2015,
author={Rodrigo P. Franca and Aur\'elio T. Salton andRafael D. S. Castro and Bruno N. Green and Damian Marelli},
title={Trajectory Generation for Bathymetry
based AUV Navigation and Localization},
booktitle={10th IFAC Conference on Manoeuvring and Control of Marine Craft MCMC 2015: Copenhagen},
year={24–26 August 2015},
volume = {48},
issue = {16},
page = {95--100}
}

@inproceedings{Deshpande2007,
author={P. D. Deshpande and M. N. Sangekar and B. Kalyan and M. A. Chitre and S. Shahabudeen and
V. Pallayil and T. B. Koay},
title={Design and development of AUVs
for cooperative missions},
booktitle={Defence Technology Asia, Singapore},
year={March
22 2007}
}

@INPROCEEDINGS{Martins2003, 
author={A. Martins and J. M. Almeida and E. Silva}, 
booktitle={Oceans 2003. Celebrating the Past ... Teaming Toward the Future (IEEE Cat. No.03CH37492)}, 
title={Coordinated maneuver for gradient search using multiple AUVs}, 
year={2003}, 
volume={1}, 
number={}, 
pages={347-352 Vol.1}, 
keywords={underwater vehicles;oceanographic equipment;navigation;multiple AUV;Autonomous Underwater Vehicles;oceanographic missions;freshwater sources;hydrothermal vents;acoustic navigation system;coordination control maneuver;surface craft;acoustic transponder deployment;gradient survey;efficient exploitation;Navigation;Costs;Communication system control;Underwater vehicles;Underwater acoustics;Acoustic distortion;Vents;Acoustic measurements;Sea measurements;Control systems}, 
doi={10.1109/OCEANS.2003.178583}, 
ISSN={}, 
month={Sept},}


@INPROCEEDINGS{Gao2010, 
author={Gao Rui and M. Chitre}, 
booktitle={OCEANS'10 IEEE SYDNEY}, 
title={Cooperative positioning using range-only measurements between two AUVs}, 
year={2010}, 
volume={}, 
number={}, 
pages={1-6}, 
keywords={Kalman filters;lawnmowers;mobile robots;multi-robot systems;navigation;position control;remotely operated vehicles;sensors;underwater vehicles;cooperative positioning;range only measurement;AUV;autonomous underwater vehicle;navigational sensor;acoustic communication;lawnmower mission;extended Kalman filter;unbounded error growth;Sensors;Position measurement;Global Positioning System;Sea measurements;Oceans;Measurement uncertainty}, 
doi={10.1109/OCEANSSYD.2010.5603615}, 
ISSN={}, 
month={May},}


@INPROCEEDINGS{Baccou2001, 
author={P. Baccou and B. Jouvencel and V. Creuze and C. Rabaud}, 
booktitle={MTS/IEEE Oceans 2001. An Ocean Odyssey. Conference Proceedings (IEEE Cat. No.01CH37295)}, 
title={Cooperative positioning and navigation for multiple AUV operations}, 
year={2001}, 
volume={3}, 
number={}, 
pages={1816-1821 vol.3}, 
keywords={position control;navigation;path planning;underwater vehicles;mobile robots;multi-robot systems;filtering theory;covariance matrices;cooperative positioning;cooperative navigation;multiple AUV operations;communication measurements;dead-reckoned measurements;range measurements;leader vehicle;high precision;pings;acoustic link;follower vehicle;zig zag trajectory;pipeline following;area scanning;Navigation;Calibration;Underwater vehicles;Pipelines;Costs;Displacement measurement;Robots;Acoustic measurements;Remotely operated vehicles;Defense industry}, 
doi={10.1109/OCEANS.2001.968122}, 
ISSN={}, 
month={Nov},}

@INPROCEEDINGS{Curcio2005, 
author={J. Curcio and J. Leonard and J. Vaganay and A. Patrikalakis and A. Bahr and D. Battle and H. Schmidt and M. Grund}, 
booktitle={Proceedings of OCEANS 2005 MTS/IEEE}, 
title={Experiments in moving baseline navigation using autonomous surface craft}, 
year={2005}, 
volume={}, 
number={}, 
pages={730-735 Vol. 1}, 
keywords={underwater vehicles;remotely operated vehicles;navigation;underwater acoustic communication;local area networks;mobile radio;oceanographic equipment;oceanographic techniques;data acquisition;moving baseline navigation;autonomous surface craft;real-time cooperative localization;autonomous underwater vehicles;undersea acoustic modem;GPS;802.11b wireless Ethernet communication;data acquisition;distributed vehicle network;data transfer;mobile network;Odyssey III AUV;Navigation;Underwater acoustics;Modems;Underwater vehicles;Global Positioning System;Wireless communication;Ethernet networks;Mobile communication;Underwater communication;Remotely operated vehicles}, 
doi={10.1109/OCEANS.2005.1639839}, 
ISSN={0197-7385}, 
month={Sept},}

@ARTICLE{Wolbrecht2014, 
author={Eric Wolbrecht and Bryce Gill and Ryan Borth and John Canning and Michael Anderson and Dean Edwards}, journal={Journal of Intelligent \& Robotic Systems}, 
title={Hybrid Baseline Localization for Autonomous Underwater Vehicles}, 
year={2015}, 
volume={78}, 
issue={3-4},
pages={593-611}
}

@inproceedings{Alcocer2006,
author = {Alcocer, Alex and Oliveira, Paulo and Pascoal, Antonio},
year = {2006},
volume = {8},
pages = {1--8},
title = {Underwater acoustic positioning systems based on buoys with GPS},
booktitle={Proceedings of the Eighth European Conference on Underwater Acoustics}
}


@ARTICLE{Paull2014, 
author={L. Paull and S. Saeedi and M. Seto and H. Li}, 
journal={IEEE Journal of Oceanic Engineering}, 
title={AUV Navigation and Localization: A Review}, 
year={2014}, 
volume={39}, 
number={1}, 
pages={131-149}, 
keywords={autonomous underwater vehicles;Global Positioning System;SLAM (robots);expensive inertial sensors;AUV localization problem;simultaneous localization and mapping technology;underwater communications;radio-frequency signals;GPS;Global Positioning System;autonomous underwater vehicle;Simultaneous localization and mapping;Acoustics;Sonar navigation;Autonomous underwater vehicles (AUVs);marine navigation;simultaneous localization and mapping}, 
doi={10.1109/JOE.2013.2278891}, 
ISSN={0364-9059}, 
month={Jan},}

@INPROCEEDINGS{Kojima1997, 
author={J. Kojima and Y. Kato and K. Asakawa and S. Matumoto and S. Takagi and N. Kato}, 
booktitle={Oceans '97. MTS/IEEE Conference Proceedings}, 
title={Development of autonomous underwater vehicle `{AQUA EXPLORER 2}' for inspection of underwater cables}, 
year={1997}, 
volume={2}, 
number={}, 
pages={1007-1012 vol.2}, 
keywords={submarine cables;mobile robots;automatic optical inspection;telemetry;underwater sound;visual communication;object detection;telerobotics;marine systems;autonomous underwater vehicle;AQUA EXPLORER 2;underwater cables;inspection;buried underwater cables;burial depth;low-bit-rate acoustic link;video signal;high-bit-rate acoustic link;mechanical design;electrical design;continuous operating period;dry weight;sea trial;24 hour;260 kg;Underwater vehicles;Inspection;Underwater cables;Sea floor;Remotely operated vehicles;Costs;Underwater acoustics;Prototypes;Testing;Communication cables}, 
doi={10.1109/OCEANS.1997.624128}, 
ISSN={}, 
month={Oct},}

@INPROCEEDINGS{Byron2007, 
author={J. Byron and R. Tyce}, 
booktitle={OCEANS 2007}, 
title={Designing a Vertical / Horizontal {AUV} for Deep Ocean Sampling}, 
year={2007}, 
volume={}, 
number={}, 
pages={1-10}, 
keywords={attitude control;oceanographic equipment;position control;remotely operated vehicles;underwater vehicles;vertical-horizontal AUV design;deep ocean sampling;URI Dept. of Ocean Engineering;Mini Ocean Elevator;MiniOE;horizontal AUV control;vertical AUV control;horizontal AUV stability;vertical AUV stability;autonomous underwater vehicle;descent rate control;orientation stability;AUV hydrodynamics;Tattletale microcontroller-logger;Narragansett Bay;AUV dynamic characteristics;Matlab simulation model;depth 5 m;depth 20 m;Oceans;Sampling methods;Stability;Testing;Mathematical model;Tail;Marine vehicles;Elevators;Sea surface;Computer simulation}, 
doi={10.1109/OCEANS.2007.4449428}, 
ISSN={0197-7385}, 
month={Sept},}

@INPROCEEDINGS{Hagen2007, 
author={P. E. Hagen and O. Midtgaard and O. Hasvold}, 
booktitle={OCEANS 2007}, 
title={Making AUVs Truly Autonomous}, 
year={2007}, 
volume={}, 
number={}, 
pages={1-4}, 
keywords={oceanographic techniques;underwater vehicles;AUV;autonomous underwater vehicles;under ice operations;long-endurance autonomous operations;Battery powered vehicles;Navigation;Marine vehicles;Underwater vehicles;Ice;Remotely operated vehicles;Fuel cells;Control systems;Research and development;Manufacturing}, 
doi={10.1109/OCEANS.2007.4449405}, 
ISSN={0197-7385}, 
month={Sept},}

@book{RL-book,
 author = {Sutton, Richard S. and Barto, Andrew G.},
 title = {Introduction to Reinforcement Learning},
 year = {1998},
 isbn = {0262193981},
 edition = {1st},
 publisher = {MIT Press},
 address = {Cambridge, MA, USA},
} 

@book{milne1983,
 author = {P.H. Milne},
 title = {Underwater Acoustic Positioning Systems},
 year = {1983},
 isbn = {},
 edition = {},
 publisher = {Gulf Publishing Company},
 address = {},
} 


@book{ADP-book,
 author = {Powell, Warren B.},
 title = {Approximate Dynamic Programming: Solving the Curses of Dimensionality (Wiley Series in Probability and Statistics)},
 year = {2007},
 isbn = {0470171553},
 publisher = {Wiley-Interscience},
 address = {New York, NY, USA},
} 

@INPROCEEDINGS{Chou2011,
author={R. Chou and Y. Boers and M. Podt and M. Geist},
booktitle={14th International Conference on Information Fusion},
title={Performance evaluation for particle filters},
year={2011},
volume={},
number={},
pages={1-7},
keywords={particle filtering (numerical methods);performance evaluation;statistical analysis;KLD estimation;Kullback-Leibler divergence;nonGaussian case;particle filtering problem;performance evaluation;point estimator comparison;Concrete;Convergence;Estimation;Histograms;Kalman filters;Mathematical model;Simulation;Kullback-Leibler divergence;Particle filter;nearest neighbor;particle filter comparison},
doi={},
ISSN={},
month={July},}

@INPROCEEDINGS{Fairbair2011,
author={David Fairbair},
booktitle={25th International Cartographic Conference. 2011, Paris, France},
title={Using entropy to assess the efficiency of terrain representation},
year={2011},
month={},
pages={},
}

@BOOK{GPR,
  TITLE = {Gaussian Processes for Machine Learning},
  AUTHOR = {Carl Edward Rasmussen and Christopher K. I. Williams},
  YEAR = {2006}, 
  PUBLISHER = {The MIT Press},
  ISBN = {0-262-18253-X}
}

@article{botev2010,
author = "Botev, Z. I. and Grotowski, J. F. and Kroese, D. P.",
doi = "10.1214/10-AOS799",
fjournal = "The Annals of Statistics",
journal = "Ann. Statist.",
month = "10",
number = "5",
pages = "2916--2957",
publisher = "The Institute of Mathematical Statistics",
title = "Kernel density estimation via diffusion",
url = "https://doi.org/10.1214/10-AOS799",
volume = "38",
year = "2010"
}


@book{Thrun2005,
    author    = {Sebastian Thrun and Wolfram Burgard and Dieter Fox},
    title     = {Probabilistic Robotics},
    year      = {2005},
    publisher = {MIT Press},
    chapter = {8.3}
}

@article{dieter1999,
author={Dieter Fox and Wolfram Burgard and Sebastian Thrun},
title={Markov Localization for Mobile Robots in Dynamic Environments},
journal={Journal of Artificial Intelligence Research},
vol={11},
year={1999},
page={391-427}
}


@INPROCEEDINGS{Comaniciu2000,
author={D. Comaniciu and V. Ramesh and P. Meer},
booktitle={Proceedings IEEE Conference on Computer Vision and Pattern Recognition. CVPR 2000 (Cat. No.PR00662)},
title={Real-time tracking of non-rigid objects using mean shift},
year={2000},
volume={2},
number={},
pages={142-149 vol.2},
keywords={Bayes methods;computer vision;image sequences;iterative methods;optical tracking;real-time systems;Bayesian framework;Bhattacharyya coefficient;clutter;color distribution;computational module;image sequences;mean shift iterations;most probable target position;moving camera;non-rigid object tracking;partial occlusions;real time tracking;target candidate;target model;target scale variations;Bayesian methods;Computational complexity;Educational institutions;Image sequences;Kernel;Monitoring;Surveillance;Target tracking;Visualization;Yield estimation},
doi={10.1109/CVPR.2000.854761},
ISSN={1063-6919},
month={},}

@ARTICLE{Crisan2002,
author={D. Crisan and A. Doucet},
journal={IEEE Transactions on Signal Processing},
title={A survey of convergence results on particle filtering methods for practitioners},
year={2002},
volume={50},
number={3},
pages={736-746},
keywords={Monte Carlo methods;convergence of numerical methods;filtering theory;optimisation;signal processing;Dirac-delta masses;closed-form expression;convergence results survey;general state-space models;model dynamics;optimal filter;optimal filtering;particle filtering methods;posterior distribution;recursive algorithm;samples/particles;sequential Monte Carlo methods;signal processing;statistically independent samples;Bayesian methods;Closed-form solution;Convergence;Design methodology;Filtering algorithms;Filters;Hidden Markov models;Monte Carlo methods;Signal processing;State estimation},
doi={10.1109/78.984773},
ISSN={1053-587X},
month={Mar},}

@article{GRIME1994849,
title = "Data fusion in decentralized sensor networks",
journal = "Control Engineering Practice",
volume = "2",
number = "5",
pages = "849 - 863",
year = "1994",
issn = "0967-0661",
doi = "https://doi.org/10.1016/0967-0661(94)90349-2",
url = "http://www.sciencedirect.com/science/article/pii/0967066194903492",
author = "S. Grime and H.F. Durrant-Whyte",
keywords = "Data Fusion, Decentralized Systems",
abstract = "This paper addresses the problem of data fusion in decentralized sensor networks in which there is no central fusion center and in which no single sensor node has global knowledge of network topology. An algorithm is described which is able to locally process and assimilate data in such networks and which yields an identical result to that obtained in a centralized system. An implementation of this decentralized data fusion algorithm on a process control rig incorporating over 150 sensors and 30 processors is described. The results show that the decentralized data fusion system described in this paper offers many advantages in terms of robustness, scalability and flexibility over a centralized system."
}

@article{CZIROK200017,
title = "Collective behavior of interacting self-propelled particles",
journal = "Physica A: Statistical Mechanics and its Applications",
volume = "281",
number = "1",
pages = "17 - 29",
year = "2000",
issn = "0378-4371",
doi = "https://doi.org/10.1016/S0378-4371(00)00013-3",
url = "http://www.sciencedirect.com/science/article/pii/S0378437100000133",
author = "András Czirók and Tamás Vicsek",
keywords = "Collective motion, Non-equilibrium phase transition",
abstract = "We discuss biologically inspired, inherently non-equilibrium models of self-propelled particles, in which the particles interact with their neighbors by choosing at each time step the local average direction of motion. We summarize some of the results of large-scale simulations and theoretical approaches about the effects of noise and dimensionality on the scaling behavior of such systems."
}

@ARTICLE{PFtutorial,
author={M. S. Arulampalam and S. Maskell and N. Gordon and T. Clapp},
journal={IEEE Transactions on Signal Processing},
title={A tutorial on particle filters for online nonlinear/non-Gaussian Bayesian tracking},
year={2002},
volume={50},
number={2},
pages={174-188},
keywords={Bayes methods;Kalman filters;Monte Carlo methods;filtering theory;importance sampling;state estimation;state-space methods;tracking filters;Kalman filtering;nonGaussian tracking problems;nonlinear tracking problems;optimal Bayesian algorithms;particle filters;point mass representations;probability densities;sequential Monte Carlo methods;sequential importance sampling;state-space model;suboptimal Bayesian algorithms;tutorial;Bayesian methods;Costs;Filtering;Kalman filters;Monte Carlo methods;Nonlinear dynamical systems;Particle filters;Particle tracking;Signal processing;Tutorial},
doi={10.1109/78.978374},
ISSN={1053-587X},
month={Feb},}

@INPROCEEDINGS{Bpers2010,
author={Y. Boers and H. Driessen and A. Bagchi and P. Mandal},
booktitle={2010 13th International Conference on Information Fusion},
title={Particle filter based entropy},
year={2010},
volume={},
number={},
pages={1-8},
keywords={approximation theory;convergence of numerical methods;entropy;particle filtering (numerical methods);Gaussian density function;covariance measure;filtering;object identity tracking;particle based approximation;particle filter based entropy;target tracking;terrain constraint;theoretical convergence property;uncertainty description;Approximation methods;Atmospheric measurements;Convergence;Entropy;Particle measurements;Target tracking;Uncertainty;Particle filters;entropy;multi-object tracking},
doi={10.1109/ICIF.2010.5712013},
ISSN={},
month={July},}

@article{kalman1960new,
  title={A new approach to linear filtering and prediction problems},
  author={Kalman, Rudolph Emil},
  journal={Journal of Fluids Engineering},
  volume={82},
  number={1},
  pages={35--45},
  year={1960},
  publisher={American Society of Mechanical Engineers}
}

@INPROCEEDINGS{5603615,
author={Gao Rui and Chitre, M.},
booktitle={OCEANS 2010 IEEE - Sydney},
title={Cooperative positioning using range-only measurements between two AUVs},
year={2010},
month={May},
pages={1-6},
keywords={Kalman filters;lawnmowers;mobile robots;multi-robot systems;navigation;position control;remotely operated vehicles;sensors;underwater vehicles;AUV;acoustic communication;autonomous underwater vehicle;cooperative positioning;extended Kalman filter;lawnmower mission;navigational sensor;range only measurement;unbounded error growth;Global Positioning System;Measurement uncertainty;Oceans;Position measurement;Sea measurements;Sensors},
doi={10.1109/OCEANSSYD.2010.5603615},}


@Article{Wellmann2013,
AUTHOR = {Wellmann, J. Florian},
TITLE = {Information Theory for Correlation Analysis and Estimation of Uncertainty Reduction in Maps and Models},
JOURNAL = {Entropy},
VOLUME = {15},
YEAR = {2013},
NUMBER = {4},
PAGES = {1464--1485},
URL = {http://www.mdpi.com/1099-4300/15/4/1464},
ISSN = {1099-4300},
ABSTRACT = {The quantification and analysis of uncertainties is important in all cases where maps and models of uncertain properties are the basis for further decisions. Once these uncertainties are identified, the logical next step is to determine how they can be reduced. Information theory provides a framework for the analysis of spatial uncertainties when different subregions are considered as random variables. In the work presented here, joint entropy, conditional entropy, and mutual information are applied for a detailed analysis of spatial uncertainty correlations. The aim is to determine (i) which areas in a spatial analysis share information, and (ii) where, and by how much, additional information would reduce uncertainties. As an illustration, a typical geological example is evaluated: the case of a subsurface layer with uncertain depth, shape and thickness. Mutual information and multivariate conditional entropies are determined based on multiple simulated model realisations. Even for this simple case, the measures not only provide a clear picture of uncertainties and their correlations but also give detailed insights into the potential reduction of uncertainties at each position, given additional information at a different location. The methods are directly applicable to other types of spatial uncertainty evaluations, especially where multiple realisations of a model simulation are analysed. In summary, the application of information theoretic measures opens up the path to a better understanding of spatial uncertainties, and their relationship to information and prior knowledge, for cases where uncertain property distributions are spatially analysed and visualised in maps and models.},
DOI = {10.3390/e15041464}
}





@Article{welch1995,
  Author         = "G. Welch and G. Bishop",
  Title          = "An Introduction to the Kalman Filter",
  Journal        = "University of North Carolina at Chapel Hill, Chapel
                   Hill, {NC}",
  localfile      = "file:///d0/bosmanoglu/ownCloud/Papers/Welch,
                   G./kalman\_intro.pdf",
  year           = 1995
}

@INPROCEEDINGS{5547044,
author={Chitre, M.},
booktitle={Autonomous and Intelligent Systems (AIS), 2010 International Conference on},
title={Path planning for cooperative underwater range-only navigation using a single beacon},
year={2010},
month={June},
pages={1-6},
keywords={cooperative systems;path planning;radionavigation;remotely operated vehicles;underwater vehicles;GPS position;autonomous surface crafts;autonomous underwater vehicle;cooperative localization;cooperative underwater range only navigation;dead reckoning;long baseline;path planning algorithms;single beacon;single range measurement;unbounded localization error;underwater acoustic beacons;Acoustic measurements;Function approximation;Navigation;Path planning;Sensors;Vehicles;Autonomous underwater vehicles;localization;navigation;positioning},
doi={10.1109/AIS.2010.5547044},}

@INPROCEEDINGS{5664050,
author={Yueyue Deng and Beaujean, P.-P. and An, E. and Carlson, E.},
booktitle={OCEANS 2010},
title={Task allocation and path planning for collaborative AUVs operating through an underwater acoustic network},
year={2010},
month={Sept},
pages={1-9},
keywords={mobile ad hoc networks;multi-agent systems;optimal systems;path planning;remotely operated vehicles;routing protocols;underwater vehicles;acoustic communication network;collaborative AUVs;cooperative agents;fleet-wide cooperation;generic auction algorithm;grid-based multiobjective optimal programming;location-aided task allocation;mobile ad-hoc network underwater acoustic simulator;multiple cooperative vehicles;multitarget task assignment;network bandwidth consumption;optimal vehicle command decision;path planning;routing protocols;underwater acoustic network;Acoustics;Classification algorithms;Resource management;Robot kinematics;Robot sensing systems;Vehicles},
doi={10.1109/OCEANS.2010.5664050},}

@ARTICLE{730558,
author={Itti, L. and Koch, C. and Niebur, E.},
journal={Pattern Analysis and Machine Intelligence, IEEE Transactions on},
title={A model of saliency-based visual attention for rapid scene analysis},
year={1998},
month={Nov},
volume={20},
number={11},
pages={1254-1259},
keywords={computer vision;feature extraction;image recognition;neural nets;target tracking;dynamical neural network;feature extraction;rapid scene analysis;saliency;scene understanding;target detection;topographical saliency map;visual attention;visual search;Biological system modeling;Brain modeling;Computer architecture;Feature extraction;Hardware;Image analysis;Layout;Neural networks;Object detection;Visual system},
doi={10.1109/34.730558},
ISSN={0162-8828},}

@book{KFbook,
    author={Mohinder S. Grewal and Angus P. Andrews},
    title={Kalman Filtering: Theory and Practice},
    year={2000},
    publisher={New York, USA: Wiley},
    edition={2nd}
}

@INPROCEEDINGS{Tao2010, 
author={T. Tao and Y. Huang and J. Yuan and F. Sun and Xiaolin Wu}, 
booktitle={2010 8th World Congress on Intelligent Control and Automation}, 
title={Cooperative simultaneous localization and mapping for multi-robot: Approach \& experimental validation}, 
year={2010}, 
volume={}, 
number={}, 
pages={2888-2893}, 
keywords={Kalman filters;mobile robots;motion control;multi-robot systems;nonlinear filters;path planning;SLAM (robots);cooperative simultaneous localization and mapping;SLAM robot;local submap building;submap fusion;extended Kalman filter;active motion;information gain;multirobots cooperation;IIPSLAMPlatform;hybrid architecture;multirobot map building;mobile robot;Buildings;Simultaneous localization and mapping;Covariance matrix;Uncertainty;Feature extraction;Multi-robot system;Cooperation;SLAM;Sub-map fusion}, 
doi={10.1109/WCICA.2010.5554910}, 
ISSN={}, 
month={July},}

@book{Ausiello1999,
    author    = "G. Ausiello and P. Crescenzi and G. Gambosi and V. Kann, A. Marchetti-Spaccamela and M. Protasi",
    title     = "Complexity and Approximation. Combinatorial optimization problems and their approximability properties",
    year      = "1999",
    publisher = "Springer Verlag",
}


@INPROCEEDINGS{Galceran2013,
author={Galceran, E. and Nagappa, S. and Carreras, M. and Ridao, P. and Palomer, A.},
booktitle={Intelligent Robots and Systems (IROS), 2013 IEEE/RSJ International Conference on},
title={Uncertainty-driven survey path planning for bathymetric mapping},
year={2013},
month={Nov},
pages={6006-6012},
keywords={autonomous underwater vehicles;bathymetry;path planning;position control;bathymetric mapping;lawnmower-type path;particle filter;robot position uncertainty;sonar measurement quality;survey planning process;uncertainty-driven survey path planning;Path planning;Planning;Robots;Sonar;Standards;Target tracking;Uncertainty},
doi={10.1109/IROS.2013.6697228},
ISSN={2153-0858},}%\end{thebibliography}


@article{galceran2013survey,
  title={A survey on coverage path planning for robotics},
  author={Galceran, Enric and Carreras, Marc},
  journal={Robotics and Autonomous Systems},
  volume={61},
  number={12},
  pages={1258--1276},
  year={2013},
  publisher={Elsevier}
}

@article{yilmaz2008path,
  title={Path planning of autonomous underwater vehicles for adaptive sampling using mixed integer linear programming},
  author={Yilmaz, Namik Kemal and Evangelinos, Constantinos and Lermusiaux, Pierre FJ and Patrikalakis, Nicholas M},
  journal={Oceanic Engineering, IEEE Journal of},
  volume={33},
  number={4},
  pages={522--537},
  year={2008},
  publisher={IEEE}
}

@inproceedings{chen2012adaptive,
  title={An adaptive sampling solution using autonomous underwater vehicles},
  author={Chen, Baozhi and Pandey, Parul and Pompili, Dario},
  booktitle={IFAC Conference on Manoeuvring and Control of Marine Craft (MCMC)},
  year={2012}
}

@article{NgLEDIF,
author={Ng, C. L. and Chen, Q. Q. and Chua, J. J. and Hemond, H. F.},
year={2017},
title={A Multi-Platform Optical Sensor for In Vivo and In Vitro Algae Classification},
journal={Sensors (Basel)},
volume={17},
number={4},
page={912},
doi={10.3390/s17040912}
}

@article{STARFISH,
author={T. B. Koay and Y. T. Tan and Y. H. Eng and R. Gao and M. Chitre and J. L. Chew and N. Chandhavarkar and R. Khan and T. Taher and J. Koh},
title={Starfish -- a small team of autonomous robotic fish},
journal={Indian Journal of geo-Marine Science},
volume={40},
number={2},
page={157--167},
year={2011}
}

@article{William2015Journal,
author={Y. T. Tan and M. Chitre and F. S. Hover},
title={Cooperative bathymetry-based
localization using low-cost autonomous underwater vehicles},
journal={Autonomous Robots},
page={1–19}, 
year={2015}

}

@ARTICLE{William2014Journal, 
author={Y. T. Tan and R. Gao and M. Chitre}, 
journal={IEEE Journal of Oceanic Engineering}, 
title={Cooperative Path Planning for Range-Only Localization Using a Single Moving Beacon}, 
year={2014}, 
volume={39}, 
number={2}, 
pages={371-385}, 
keywords={acoustic measurement;autonomous underwater vehicles;cooperative systems;dynamic programming;Global Positioning System;Markov processes;minimisation;path planning;sensor placement;underwater sound;range-only localization;moving beacon vehicle;underwater navigation;dead reckoning;unbounded position error growth;underwater vehicle surface;global positioning system;vehicle safety;long baseline;mobile beacons;navigational aids;autonomous underwater vehicles;cooperative path planning algorithm;dynamic programming;Markov decision process;positioning error minimization;AUV;LBL acoustic positioning system deployment;acoustic range measurements;Vehicles;Acoustics;Distance measurement;Function approximation;Global Positioning System;Sensors;Autonomous underwater vehicles (AUVs);dynamic programming;Markov decision processes;cross-entropy method;positioning;navigation}, 
doi={10.1109/JOE.2013.2296361}, 
ISSN={0364-9059}, 
month={April},}


@INPROCEEDINGS{William2014,
author={Tan Yew Teck and Chitre, M. and Hover, F.S.},
booktitle={Robotics and Automation (ICRA), 2014 IEEE International Conference on},
title={Collaborative bathymetry-based localization of a team of autonomous underwater vehicles},
year={2014},
month={May},
pages={2475-2481},
keywords={Global Positioning System;autonomous underwater vehicles;bathymetry;particle filtering (numerical methods);AUV;Doppler velocity;GPS;Global Positioning System;INS;advanced navigation systems;autonomous underwater vehicles;bathymetry maps;collaborative bathymetry-based localization;cost tradeoff;decentralized particle filtering;high-quality visual landmarks;long-baseline acoustics;Acoustic measurements;Acoustics;Atmospheric measurements;Current measurement;Particle measurements;Sea measurements;Vehicles},
doi={10.1109/ICRA.2014.6907204},}

@inproceedings{Pramod2012,
author={Pramod Maurya and Francisco Curado Teixeira and Antonio Pascoal},
booktitle={Proceedings IFAC Workshop on Navigation, Guidance and Control of Underwater Vehicles (NGCUV'2012), Proto, Portugal},
title={Complementary terrain/signle beacon-based AUV navigation},
year={2012},
pages={10-12}
}

@INPROCEEDINGS{5980302,
author={Fallon, M.F. and Kaess, M. and Johannsson, H. and Leonard, J.J.},
booktitle={Robotics and Automation (ICRA), 2011 IEEE International Conference on},
title={Efficient {AUV} navigation fusing acoustic ranging and side-scan sonar},
year={2011},
month={May},
pages={2398-2405},
keywords={Global Positioning System;image fusion;least squares approximations;mobile robots;path planning;pose estimation;remotely operated vehicles;sonar imaging;underwater vehicles;GPS;Hydroid REMUS 100 AUV;acoustic modem;acoustic ranging;automatic data association;autonomous surface vehicle;buoy;iSAM;incremental smoothing and mapping;manned support vessel;modem transmission failure;multisensor AUV navigation;on-line nonlinear least squares algorithm;one-way travel time range;optimization algorithm;pose graph estimation;side-scan sonar image;single surface sensor;Acoustics;Distance measurement;Position measurement;Sea measurements;Sonar;Sonar navigation;Vehicles},
doi={10.1109/ICRA.2011.5980302},
ISSN={1050-4729},}

@INPROCEEDINGS{1639956,
author={Eustice, R. and Camilli, R. and Singh, H.},
booktitle={OCEANS, 2005. Proceedings of MTS/IEEE},
title={Towards bathymetry-optimized Doppler re-navigation for AUVs},
year={2005},
month={Sept},
pages={1430-1436 Vol. 2},
keywords={Doppler effect;bathymetry;navigation;oceanographic equipment;oceanographic techniques;optimisation;remotely operated vehicles;underwater vehicles;autonomous underwater vehicles;bathymetry-optimized Doppler renavigation;corrective error measure;dead-reckoned Doppler navigation;near-seafloor science;nonlinear optimization;optimizing bottom-lock Doppler velocity log track lines;ship derived bathymetric map;terrain-aided renavigation algorithm;vehicle navigation;Acoustic measurements;Calibration;Large-scale systems;Measurement standards;Oceanographic techniques;Oceans;Physics;Sea measurements;Sonar navigation;Underwater vehicles},
doi={10.1109/OCEANS.2005.1639956},}

@ARTICLE{Craig2001,
author={Craig H. Bishop and Brian J. Etherton and Sharanya J. Majumdar},
journal={American Meteorological Society},
title={Adaptive Sampling with the Ensemble Transform Kalman Filter. Part I: Theoretical Aspects},
year={2001},
month={March},
volume={129},
issue={3},
pages={420-436},
doi={http://dx.doi.org/10.1175/1520-0493(2001)129<0420:ASWTET>2.0.CO;2},
}

@ARTICLE{1353440,
author={Nygren, I. and Jansson, M.},
journal={Oceanic Engineering, IEEE Journal of},
title={Terrain navigation for underwater vehicles using the correlator method},
year={2004},
month={July},
volume={29},
number={3},
pages={906-915},
keywords={Kalman filters;correlation methods;maximum likelihood estimation;navigation;recursive filters;sonar signal processing;underwater vehicles;3D sampling;Bayesian recursive filter;autonomous underwater vehicle;bottom topography;correlator method;energy consumption;linear Kalman filter;maximum-likelihood estimation;multibeam sonar;terrain navigation;Correlators;Costs;Counting circuits;Energy consumption;Reconnaissance;Sampling methods;Sonar navigation;Surfaces;Underwater tracking;Underwater vehicles;65;Bayesian recursive filter;ML;correlation;estimation;linear Kalman filter;maximum-likelihood;terrain navigation},
doi={10.1109/JOE.2004.833222},
ISSN={0364-9059},}

@ARTICLE{1353440,
author={Nygren, I. and Jansson, M.},
journal={Oceanic Engineering, IEEE Journal of},
title={Terrain navigation for underwater vehicles using the correlator method},
year={2004},
month={July},
volume={29},
number={3},
pages={906-915},
keywords={Kalman filters;correlation methods;maximum likelihood estimation;navigation;recursive filters;sonar signal processing;underwater vehicles;3D sampling;Bayesian recursive filter;autonomous underwater vehicle;bottom topography;correlator method;energy consumption;linear Kalman filter;maximum-likelihood estimation;multibeam sonar;terrain navigation;Correlators;Costs;Counting circuits;Energy consumption;Reconnaissance;Sampling methods;Sonar navigation;Surfaces;Underwater tracking;Underwater vehicles;65;Bayesian recursive filter;ML;correlation;estimation;linear Kalman filter;maximum-likelihood;terrain navigation},
doi={10.1109/JOE.2004.833222},
ISSN={0364-9059},}


@INPROCEEDINGS{5779659,
author={Meduna, D.K. and Rock, S.M. and McEwen, R.S.},
booktitle={Autonomous Underwater Vehicles (AUV), 2010 IEEE/OES},
title={Closed-loop terrain relative navigation for AUVs with non-inertial grade navigation sensors},
year={2010},
month={Sept},
pages={1-8},
keywords={bathymetry;closed loop systems;inertial navigation;remotely operated vehicles;terrain mapping;underwater vehicles;AUV;bathymetry maps;closed-loop terrain relative navigation;inertial navigation systems;non-inertial grade navigation sensors;underwater vehicles;Acoustic measurements;Atmospheric measurements;Global Positioning System;Particle measurements;Robots;Xenon},
doi={10.1109/AUV.2010.5779659},
ISSN={1522-3167},}

@INPROCEEDINGS{6094993,
author={Prorok, A. and Martinoli, A.},
booktitle={Intelligent Robots and Systems (IROS), 2011 IEEE/RSJ International Conference on},
title={A reciprocal sampling algorithm for lightweight distributed multi-robot localization},
year={2011},
month={Sept},
pages={3241-3247},
keywords={Collaboration;Equations;Manganese;Mathematical model;Robot kinematics;Robot sensing systems},
doi={10.1109/IROS.2011.6094993},
ISSN={2153-0858},}

@INPROCEEDINGS{5152398,
author={Nerurkar, Esha D. and Roumeliotis, S.I. and Martinelli, A.},
booktitle={Robotics and Automation, 2009. ICRA '09. IEEE International Conference on},
title={Distributed maximum a posteriori estimation for multi-robot cooperative localization},
year={2009},
month={May},
pages={1402-1409},
keywords={computational complexity;conjugate gradient methods;distributed algorithms;maximum likelihood estimation;mobile robots;multi-robot systems;optimisation;pose estimation;resource allocation;robust control;communication complexity;computational complexity;distributed conjugate gradient algorithm;distributed data-allocation scheme;distributed maximum a posteriori estimation;multi robot cooperative localization;optimization problem;resource utilization;single-point failure;Cognitive robotics;Computational complexity;Computational efficiency;Distributed computing;Iterative algorithms;Maximum a posteriori estimation;Maximum likelihood estimation;Orbital robotics;Parallel robots;Space exploration},
doi={10.1109/ROBOT.2009.5152398},
ISSN={1050-4729},}

@INPROCEEDINGS{1041428,
author={Howard, A. and Matark, M.J. and Sukhatme, G.},
booktitle={Intelligent Robots and Systems, 2002. IEEE/RSJ International Conference on},
title={Localization for mobile robot teams using maximum likelihood estimation},
year={2002},
month={},
volume={1},
pages={434-439 vol.1},
keywords={cooperative systems;formal specification;maximum likelihood estimation;mobile robots;multi-robot systems;optimisation;path planning;probability;bearing;formalism;localization;maximum likelihood estimation;mobile robot team;optimization;orientation;probability;Computer science;Global Positioning System;Instruments;Laboratories;Maximum likelihood estimation;Mobile computing;Mobile robots;Motion measurement;Robot kinematics;Robot sensing systems},
doi={10.1109/IRDS.2002.1041428},}

@INPROCEEDINGS{5509869,
author={Fallon, M.F. and Papadopoulos, G. and Leonard, J.J.},
booktitle={Robotics and Automation (ICRA), 2010 IEEE International Conference on},
title={A measurement distribution framework for cooperative navigation using multiple {AUVs}},
year={2010},
month={May},
pages={4256-4263},
keywords={distributed control;mobile robots;navigation;optimisation;pose estimation;remotely operated vehicles;underwater vehicles;GPS measurements;WHOI acoustic modem;autonomous underwater vehicle;cooperative navigation;full pose optimization;measurement distribution framework;multiple AUV;surveillance missions;underwater survey;Broadcasting;Command and control systems;Global Positioning System;Modems;Navigation;State estimation;Surveillance;Underwater acoustics;Underwater communication;Underwater vehicles},
doi={10.1109/ROBOT.2010.5509869},
ISSN={1050-4729},}

@INPROCEEDINGS{1248899,
author={Roumeliotis, S.I. and Rekleitis, I.M.},
booktitle={Intelligent Robots and Systems, 2003. (IROS 2003). Proceedings. 2003 IEEE/RSJ International Conference on},
title={Analysis of multirobot localization uncertainty propagation},
year={2003},
month={Oct},
volume={2},
pages={1763-1770 vol.2},
keywords={Kalman filters;Riccati equations;cooperative systems;covariance matrices;mobile robots;multi-robot systems;uncertainty handling;Kalman filter estimator;Ricatti equation;cooperative localization;covariance matrix;homogeneous robot team;mobile robots;multirobot localization;uncertainty propagation;Analytical models;Computer science;Mechanical engineering;Mobile robots;Position measurement;Riccati equations;Robot sensing systems;Testing;Uncertainty;Upper bound},
doi={10.1109/IROS.2003.1248899},}

@INPROCEEDINGS{5152054,
author={Yueyue Deng and Beaujean, P.-P.J. and An, E. and Carlson, E.A.},
booktitle={OCEANS 2008},
title={A Path planning control strategy for search-classify task using multiple cooperative underwater vehicles},
year={2008},
month={Sept},
pages={1-9},
keywords={ad hoc networks;control engineering computing;grid computing;multi-agent systems;path planning;position control;problem solving;routing protocols;underwater acoustic communication;underwater vehicles;GMOOP technique;MANET;action determination map;grid-based multiobjective optimal problem solving technique;interval programming algorithm;location-aware source routing protocol;multiagent cooperative systems;multiple cooperative underwater vehicles;path planning control strategy;path planning controller;search-classify mission;search-classify task;underwater acoustic communication environment;underwater mobile ad hoc network;Control systems;Cooperative systems;Functional programming;Mobile ad hoc networks;Mobile communication;Optimal control;Path planning;Underwater acoustics;Underwater communication;Underwater vehicles},
doi={10.1109/OCEANS.2008.5152054},}

@INPROCEEDINGS{6697228,
author={Galceran, E. and Nagappa, S. and Carreras, M. and Ridao, P. and Palomer, A.},
booktitle={Intelligent Robots and Systems (IROS), 2013 IEEE/RSJ International Conference on},
title={Uncertainty-driven survey path planning for bathymetric mapping},
year={2013},
month={Nov},
pages={6006-6012},
keywords={autonomous underwater vehicles;bathymetry;path planning;position control;bathymetric mapping;lawnmower-type path;particle filter;robot position uncertainty;sonar measurement quality;survey planning process;uncertainty-driven survey path planning;Path planning;Planning;Robots;Sonar;Standards;Target tracking;Uncertainty},
doi={10.1109/IROS.2013.6697228},
ISSN={2153-0858},}


@INPROCEEDINGS{5547044,
author={Chitre, M.},
booktitle={Autonomous and Intelligent Systems (AIS), 2010 International Conference on},
title={Path planning for cooperative underwater range-only navigation using a single beacon},
year={2010},
month={June},
pages={1-6},
keywords={cooperative systems;path planning;radionavigation;remotely operated vehicles;underwater vehicles;GPS position;autonomous surface crafts;autonomous underwater vehicle;cooperative localization;cooperative underwater range only navigation;dead reckoning;long baseline;path planning algorithms;single beacon;single range measurement;unbounded localization error;underwater acoustic beacons;Acoustic measurements;Function approximation;Navigation;Path planning;Sensors;Vehicles;Autonomous underwater vehicles;localization;navigation;positioning},
doi={10.1109/AIS.2010.5547044},}

@INPROCEEDINGS{Bahr2009beacon,
author={Bahr, Alexander and Leonard, J.J. and Martinoli, A.},
booktitle={Intelligent Robots and Systems (IROS), 2012 IEEE/RSJ International Conference on},
title={Dynamic positioning of beacon vehicles for cooperative underwater navigation},
year={2012},
month={Oct},
pages={3760-3767},
keywords={Global Positioning System;autonomous underwater vehicles;cooperative systems;estimation theory;mobile robots;multi-robot systems;optimal control;telerobotics;trajectory control;AUV;GPS signal underwater;autonomous underwater vehicles;beacon vehicle broadcasting;beacon vehicles trajectories;broadcast communication;cooperative underwater navigation;distributed algorithm;dynamic beacon vehicles positioning;expensive navigation suite;frequent surfacings;intravehicle;locally optimal beacon vehicle position;position estimation;position information;position uncertainty minimization;submerged vehicles;survey vehicles trajectory;Acoustics;Navigation;Prediction algorithms;Schedules;Sensors;Uncertainty;Vehicles},
doi={10.1109/IROS.2012.6386168},
ISSN={2153-0858},}

@INPROCEEDINGS{4651227,
author={Kyoung-Hwan Jo and Jihong Lee},
booktitle={Intelligent Robots and Systems, 2008. IROS 2008. IEEE/RSJ International Conference on},
title={Cooperative localization of multiple robots with Constraint Propagation technique},
year={2008},
month={Sept},
pages={3477-3482},
keywords={mobile robots;path planning;CP-based method;EKF;constraint propagation technique;cooperative localization;multiple mobile robots;multiple robots;robot position;robot position value;Equations;Global positioning system;Mathematical model;Mobile robots;Robot kinematics;Robot sensing systems;Robots},
doi={10.1109/IROS.2008.4651227},}

@BOOK{CRCinbook,
	author	= "Mohiuddin Ahmed and Gregory Pottie",
	editor	= "S. Sitharama Iyengar and Richard R. Brooks",
	title	= "Fusion in the Context of Information Theory",
	chapter	= "23",
	pages	= "523-540",
	publisher= "CRC Press",
	year="2004"
}

@BOOK{Bishopbook,
	author	= "Christopher Bishop",
	title	= "Pattern Recognition and Machine Learning",
	publisher= "Springer-Verlag New York",
	year	= "2006",
}


@INPROCEEDINGS{Salavasidis2016, 
author={G. Salavasidis and C. Harris and S. McPhail and A. B. Phillips and E. Rogers}, 
booktitle={2016 IEEE/OES Autonomous Underwater Vehicles (AUV)}, 
title={Terrain Aided Navigation for Long Range AUV operations at arctic latitudes}, 
year={2016}, 
volume={}, 
number={}, 
pages={115-123}, 
keywords={autonomous underwater vehicles;mobile robots;particle filtering (numerical methods);path planning;telerobotics;trajectory control;multisensor data fusion problem;single beam echo sounder;Jittered Bootsrap Particle Filter;Bathymetric measurements;DR;dead reckoning;Arctic bathymetric map;TAN system;ALR1500 autonomous underwater vehicle;Autosub long range;extended endurance capabilities;TAN methods;arctic latitudes;long range AUV operations;terrain aided navigation;Vehicles;Arctic;Ice;Acoustics;Dead reckoning;Sea measurements;Terrain-aided navigation;autonomous underwater vehicles;particle filter;localisation;long range Arctic auv operations}, 
doi={10.1109/AUV.2016.7778658}, 
ISSN={2377-6536}, 
month={Nov},}

@INPROCEEDINGS{7003056,
author={Sliwka, J. and Munafo, A. and Ferri, G. and Alves, J.},
booktitle={Oceans - St. John's, 2014},
title={Interval methods based AUV localization in the context of an acoustic network with experimental results},
year={2014},
month={Sept},
pages={1-6},
keywords={autonomous underwater vehicles;nonlinear equations;probability;underwater acoustic communication;Mediterranean sea;acoustic measurements;acoustic network;autonomous underwater vehicles;interval localization method;interval method based AUV localization;nonlinear equations;probabilistic approach;Acoustics;Navigation;Probabilistic logic;Sea measurements;Trajectory;Underwater vehicles;Vehicles},
doi={10.1109/OCEANS.2014.7003056},}


@INPROCEEDINGS{7064595,
author={Lassoued, K. and Stanoi, O. and Bonnifait, P. and Fantoni, I.},
booktitle={Control Automation Robotics Vision (ICARCV), 2014 13th International Conference on},
title={Mobile robots cooperation with biased exteroceptive measurements},
year={2014},
month={Dec},
pages={1835-1840},
keywords={constraint handling;mobile robots;path planning;sensors;biased exteroceptive measurements;constraint propagation technique;cooperative localization;data incest problem;distributed cooperative localization method;exteroceptive sensors;mobile robot localization;mobile robots cooperation;mutual localization;proprioceptive sensors;Mobile robots;Position measurement;Robot kinematics;Robot sensing systems;Vectors},
doi={10.1109/ICARCV.2014.7064595},}

@inproceedings{5603615,
	Abstract = {This paper presents a cooperative positioning system between two autonomous underwater vehicles (AUVs). Each AUV is equipped with some navigational sensors. However, AUVs with different tasks have different navigational capabilities. By introducing acoustic communication between AUVs, information from multiple AUVs can be fused to give a more accurate position estimates to AUVs with poorer navigational capabilities. We present results from a field trial where a lawnmower mission is executed by a survey AUV with poor navigational sensors while another AUV with higher positioning accuracy plays the role of a beacon AUV. The beacon AUV's task is to help improve the survey AUV's position accuracy by providing it regular range updates from various locations. An Extended Kalman Filter (EKF) was implemented to fuse the range information updates with the navigational sensor data on the survey AUV. We were able to avoid unbounded error growth in the position estimate of the survey AUV in our experiments through cooperative positioning between two AUVs using range-only measurements.},
	Author = {Gao Rui and Chitre, M.},
	Booktitle = {OCEANS 2010 IEEE - Sydney},
	Date-Added = {2011-06-16 11:41:58 +0800},
	Date-Modified = {2011-07-11 10:47:47 +0800},
	Doi = {10.1109/OCEANSSYD.2010.5603615},
	Keywords = {AUV;acoustic communication;autonomous underwater vehicle;cooperative positioning;extended Kalman filter;lawnmower mission;navigational sensor;range only measurement;unbounded error growth;Kalman filters;lawnmowers;mobile robots;multi-robot systems;navigation;position control;remotely operated vehicles;sensors;underwater vehicles;},
	Month = {may},
	Pages = {1 -6},
	Title = {Cooperative positioning using range-only measurements between two {AUV}s},
	Year = {2010},
	Bdsk-Url-1 = {http://dx.doi.org/10.1109/OCEANSSYD.2010.5603615}}

@article{Bahr2009cl,
	Abstract = {
               This paper describes an algorithm for distributed acoustic navigation for Autonomous Underwater Vehicles (AUVs). Whereas typical AUV navigation systems utilize pre-calibrated arrays of static transponders, our work seeks to create a fully mobile network of AUVs that perform acoustic ranging and data exchange with one another to achieve cooperative positioning for extended duration missions over large areas. The algorithm enumerates possible solutions for the AUV trajectory based on dead-reckoning and range-only measurements provided by acoustic modems that are mounted on each vehicle, and chooses the trajectory via minimization of a cost function based on these constraints. The resulting algorithm is computationally efficient, meets the strict bandwidth requirements of available AUV modems, and has potential to scale well to networks of large numbers of vehicles. The method has undergone extensive experimentation, and results from three different scenarios are reported in this paper, each of which utilizes MIT SCOUT Autonomous Surface Craft (ASC) as convenient platforms for testing. In the first experiment, we utilize three ASCs, each equipped with a Woods Hole acoustic modem, as surrogates for AUVs. In this scenario, two ASCs serve as Communication/Navigation Aids (CNAs) for a third ASC that computes its position based exclusively on GPS positions of the CNAs and acoustic range measurements between platforms. In the second scenario, an undersea glider is used in conjunction with two ASCs serving as CNAs. Finally, in the third experiment, a Bluefin12 AUV serves as the target vehicle. All three experiments demonstrate the successful operation of the technique with real ocean data.
            },
	Author = {Bahr, Alexander and Leonard, John J. and Fallon, Maurice F.},
	Date-Added = {2011-10-20 13:24:15 +0000},
	Date-Modified = {2014-09-19 08:02:02 +0000},
	Doi = {10.1177/0278364908100561},
	Journal = {The International Journal of Robotics Research},
	Number = {6},
	Pages = {714-728},
	Title = {Cooperative Localization for Autonomous Underwater Vehicles},
	Volume = {28},
	Year = {2009},
	Bdsk-File-1 = {YnBsaXN0MDDUAQIDBAUGJCVYJHZlcnNpb25YJG9iamVjdHNZJGFyY2hpdmVyVCR0b3ASAAGGoKgHCBMUFRYaIVUkbnVsbNMJCgsMDxJXTlMua2V5c1pOUy5vYmplY3RzViRjbGFzc6INDoACgAOiEBGABIAFgAdccmVsYXRpdmVQYXRoWWFsaWFzRGF0YV8QWS4uLy4uLy4uL1BBUEVSX1JlcG9zaXRvcnkvQ29vcGVyYXRpdmUgTG9jYWxpemF0aW9uIGZvciBBdXRvbm9tb3VzIFVuZGVyd2F0ZXIgVmVoaWNsZXMucGRm0hcLGBlXTlMuZGF0YU8RAkAAAAAAAkAAAgAADE1hY2ludG9zaCBIRAAAAAAAAAAAAAAAAAAAAMgHJptIKwAACUi1QB9Db29wZXJhdGl2ZSBMb2NhbGl6Izk0OEI4REUucGRmAAAAAAAAAAAAAAAAAAAAAAAAAAAAAAAAAAAAAAAAAAAJSLjezFRN3AAAAAAAAAAAAAMAAgAACSAAAAAAAAAAAAAAAAAAAAAQUEFQRVJfUmVwb3NpdG9yeQAQAAgAAMgGthsAAAARAAgAAMxT3VwAAAABAAwJSLVAAAhKWAAAkj8AAgBRTWFjaW50b3NoIEhEOlVzZXJzOgBXaWxsaWFtVGFuOgBQQVBFUl9SZXBvc2l0b3J5OgBDb29wZXJhdGl2ZSBMb2NhbGl6Izk0OEI4REUucGRmAAAOAIAAPwBDAG8AbwBwAGUAcgBhAHQAaQB2AGUAIABMAG8AYwBhAGwAaQB6AGEAdABpAG8AbgAgAGYAbwByACAAQQB1AHQAbwBuAG8AbQBvAHUAcwAgAFUAbgBkAGUAcgB3AGEAdABlAHIAIABWAGUAaABpAGMAbABlAHMALgBwAGQAZgAPABoADABNAGEAYwBpAG4AdABvAHMAaAAgAEgARAASAGFVc2Vycy9XaWxsaWFtVGFuL1BBUEVSX1JlcG9zaXRvcnkvQ29vcGVyYXRpdmUgTG9jYWxpemF0aW9uIGZvciBBdXRvbm9tb3VzIFVuZGVyd2F0ZXIgVmVoaWNsZXMucGRmAAATAAEvAAAVAAIAEf//AACABtIbHB0eWiRjbGFzc25hbWVYJGNsYXNzZXNdTlNNdXRhYmxlRGF0YaMdHyBWTlNEYXRhWE5TT2JqZWN00hscIiNcTlNEaWN0aW9uYXJ5oiIgXxAPTlNLZXllZEFyY2hpdmVy0SYnVHJvb3SAAQAIABEAGgAjAC0AMgA3AEAARgBNAFUAYABnAGoAbABuAHEAcwB1AHcAhACOAOoA7wD3AzsDPQNCA00DVgNkA2gDbwN4A30DigONA58DogOnAAAAAAAAAgEAAAAAAAAAKAAAAAAAAAAAAAAAAAAAA6k=},
	Bdsk-Url-1 = {http://ijr.sagepub.com/content/28/6/714.abstract},
	Bdsk-Url-2 = {http://dx.doi.org/10.1177/0278364908100561}}

@article{6727582-2,
	Author = {Y. T. Tan and Rui Gao and Chitre, M.},
	Date-Added = {2014-05-04 13:44:19 +0000},
	Date-Modified = {2014-09-19 08:06:34 +0000},
	Doi = {10.1109/JOE.2013.2296361},
	Issn = {0364-9059},
	Journal = {Oceanic Engineering, IEEE Journal of},
	Keywords = {Global Positioning System;Markov processes;acoustic measurement;autonomous underwater vehicles;cooperative systems;dynamic programming;minimisation;path planning;sensor placement;underwater sound;AUV;LBL acoustic positioning system deployment;Markov decision process;acoustic range measurements;autonomous underwater vehicles;cooperative path planning algorithm;dead reckoning;dynamic programming;global positioning system;long baseline;mobile beacons;moving beacon vehicle;navigational aids;positioning error minimization;range-only localization;unbounded position error growth;underwater navigation;underwater vehicle surface;vehicle safety;Acoustics;Distance measurement;Function approximation;Global Positioning System;Sensors;Vehicles;Autonomous underwater vehicles (AUVs);Markov decision processes;cross-entropy method;dynamic programming;navigation;positioning},
	Month = {April},
	Number = {2},
	Pages = {371-385},
	Title = {Cooperative Path Planning for Range-Only Localization Using a Single Moving Beacon},
	Volume = {39},
	Year = {2014},
	Bdsk-Url-1 = {http://dx.doi.org/10.1109/JOE.2013.2296361}}

@inproceedings{maurya2012,
	Author = {Maurya, Pramod and Teixeira, Francisco Curado and Pascoal, Ant{\'o}nio},
	Booktitle = {Proc IFAC Workshop on Navigation, Guidance and Control of Underwater Vehicles (NGCUV'2012), Porto, Portugal},
	Date-Added = {2013-12-30 07:20:52 +0000},
	Date-Modified = {2014-05-04 13:19:20 +0000},
	Pages = {10--12},
	Title = {Complementary Terrain/Single Beacon-Based {AUV} Navigation},
	Year = {2012}}

@article{Webster2013,
	Author = {Webster, S.E. and Walls, J.M. and Whitcomb, L.L. and Eustice, R.M.},
	Date-Added = {2013-12-30 07:20:52 +0000},
	Date-Modified = {2013-12-30 07:20:52 +0000},
	Doi = {10.1109/TRO.2013.2252857},
	Issn = {1552-3098},
	Journal = {Robotics, IEEE Transactions on},
	Keywords = {Kalman filters;autonomous underwater vehicles;information filters;navigation;nonlinear filters;path planning;state estimation;CEIF algorithm;DEIF algorithm;autonomous underwater vehicles;centralized extended information filter algorithm;client underwater vehicles;decentralized extended information filter;joint probability distribution;marine robotics;range information;range measurement update;server acoustic data broadcasts;single-beacon cooperative acoustic navigation algorithm;state information;surface craft;synchronous-clock time-of-flight paradigm;underwater acoustic modems;underwater vehicle localization;underwater vehicle navigation;vehicle state estimation;Decentralized estimation;distributed robot systems;information filters;marine robotics;networked robots},
	Number = {4},
	Pages = {957-974},
	Title = {Decentralized Extended Information Filter for Single-Beacon Cooperative Acoustic Navigation: Theory and Experiments},
	Volume = {29},
	Year = {2013},
	Bdsk-Url-1 = {http://dx.doi.org/10.1109/TRO.2013.2252857}}

@inproceedings{4449404,
	Abstract = {Time-synchronized acoustic data transmissions can be used to calculate the relative range between underwater vehicles. Relative range, along with other information shared over the communication link, can be used for cooperative navigation. The low bandwidth and latency of the acoustic channel do not allow for a direct implementation of a standard Kalman filter for cooperative navigation. Specifically, there is insufficient bandwidth to share the data needed to accurately propagate the estimation error covariance matrix. Instead, we share only a scalar function of the main diagonal elements of the covariance matrix. We present analysis that suggests this is a reasonable approach and experimental results that demonstrate its efficacy.},
	Author = {Maczka, D.K. and Gadre, A.S. and Stilwell, D.J.},
	Booktitle = {OCEANS 2007},
	Date-Added = {2014-10-20 07:27:44 +0000},
	Date-Modified = {2014-10-20 07:27:44 +0000},
	Doi = {10.1109/OCEANS.2007.4449404},
	Keywords = {covariance matrices;data communication;oceanographic techniques;underwater acoustic communication;underwater sound;Kalman filter;acoustic channel;acoustic data transmission;autonomous underwater vehicles platoon;cooperative navigation algorithm;covariance matrix;Acoustic measurements;Bandwidth;Covariance matrix;Delay;Modems;Navigation;Position measurement;Remotely operated vehicles;Underwater acoustics;Underwater vehicles},
	Month = {Sept},
	Pages = {1-6},
	Title = {Implementation of a Cooperative Navigation Algorithm on a Platoon of Autonomous Underwater Vehicles},
	Year = {2007},
	Bdsk-Url-1 = {http://dx.doi.org/10.1109/OCEANS.2007.4449404}}

@inproceedings{5152859,
	Abstract = {In cooperative navigation, teams of mobile robots obtain range and/or angle measurements to each other and dead-reckoning information to help each other navigate more accurately. One typical approach is moving baseline navigation, in which multiple Autonomous Underwater Vehicles (AUVs) exchange range measurements using acoustic modems to perform mobile trilateration. While the sharing of information between vehicles can be highly beneficial, exchanging measurements and state estimates can also be dangerous because of the risk of measurements being used by a vehicle more than once; such data re-use leads to inconsistent (overconfident) estimates, making data association and outlier rejection more difficult and divergence more likely. In this paper, we present a technique for the consistent cooperative localization of multiple AUVs performing mobile trilateration. Each AUV establishes a bank of filters, performing careful bookkeeping to track the origins of measurements and prevent the use any of the measurements more than once. The multiple estimates are combined in a consistent manner, yielding conservative covariance estimates. The technique is illustrated using simulation results. The new method is compared side-by-side with a naive approach that does not keep track of the origins of measurements, illustrating that the new method keeps conservative covariance bounds whereas state estimates obtained with the naive approach become overconfident and diverge.},
	Author = {Bahr, Alexander and Walter, M.R. and Leonard, J.J.},
	Booktitle = {IEEE International Conference on Robotics and Automation (ICRA), Kobe, Japan},
	Date-Added = {2014-03-03 11:13:52 +0000},
	Date-Modified = {2014-03-03 11:13:52 +0000},
	Doi = {10.1109/ROBOT.2009.5152859},
	Issn = {1050-4729},
	Keywords = {acoustic devices;covariance analysis;mobile robots;underwater vehicles;acoustic modem;angle measurement;consistent cooperative localization;covariance estimation;data association;dead reckoning;mobile robot;mobile trilateration;multiple autonomous underwater vehicle;outlier rejection;range measurement;state estimation;Acoustic measurements;Goniometers;Mobile robots;Navigation;Performance evaluation;Remotely operated vehicles;State estimation;Underwater acoustics;Underwater vehicles;Yield estimation;Cooperative Localization;Cooperative Navigation;Sensor Fusion},
	Month = {May},
	Title = {Consistent cooperative localization},
	Year = {2009},
	Bdsk-Url-1 = {http://dx.doi.org/10.1109/ROBOT.2009.5152859}}

@INPROCEEDINGS{Paull2014,
author={Paull, L. and Seto, M. and Leonard, J.J.},
booktitle={Intelligent Robots and Systems (IROS 2014), 2014 IEEE/RSJ International Conference on},
title={Decentralized cooperative trajectory estimation for autonomous underwater vehicles},
year={2014},
month={Sept},
pages={184-191},
keywords={Global Positioning System;autonomous underwater vehicles;decentralised control;trajectory control;AUV;GPS;acoustic channel;autonomous agents;autonomous underwater vehicles;cooperative localization;decentralized cooperative trajectory estimation;Acoustic measurements;Acoustics;Estimation;Global Positioning System;Time measurement;Trajectory;Vehicles},
doi={10.1109/IROS.2014.6942559},}

@INPROCEEDINGS{Reece2005,
author={Reece, S. and Roberts, S.},
booktitle={Information Fusion, 2005 8th International Conference on},
title={Robust, low-bandwidth, multi-vehicle mapping},
year={2005},
month={July},
volume={2},
pages={8 pp.-},
keywords={bandlimited communication;covariance analysis;data communication;information filtering;telecommunication links;vehicles;Nettleton's approach;bandlimited communication;bounded covariance inflation;communication link;covariance intersection algorithm;double counting management;hybrid information filter;multiple vehicle mapping;Automotive engineering;Bandwidth;Covariance matrix;Information filtering;Information filters;Robots;Robustness;Simultaneous localization and mapping;State estimation;Vehicles},
doi={10.1109/ICIF.2005.1592009},}

@INPROCEEDINGS{Hanebeck2001,
author={Hanebeck, U.D. and Briechle, K. and Horn, J.},
booktitle={Multisensor Fusion and Integration for Intelligent Systems, 2001. MFI 2001. International Conference on},
title={A tight bound for the joint covariance of two random vectors with unknown but constrained cross-correlation},
year={2001},
month={},
pages={85-90},
keywords={correlation methods;covariance matrices;linear systems;navigation;absolute correlation coefficient;correlated random vectors;covariance matrix;cross-correlation;linear dynamical system;upper bound;Automatic control;Communications technology;Covariance matrix;Random variables;Stochastic resonance;Stochastic systems;Time of arrival estimation;Upper bound;Vectors;Visualization},
doi={10.1109/MFI.2001.1013513},}

@inproceedings{1639838,
	Abstract = { In order to advance research efforts in the area of cooperative autonomy, a low cost autonomous surface craft, SCOUT (Surface Craft for Oceanographic and Undersea Testing) was developed by engineers at the MIT Department of Ocean Engineering. Design objectives include simplicity, robustness, versatility and improved operational utility. Four vehicles were fabricated during the summer of 2004 and a number of field experiments have been conducted using these craft. This paper discusses the design of the SCOUT vehicle and introduces some examples of the utility of this platform as a tool for improved software development, particularly in the area of cooperative autonomy.},
	Author = {Curcio, J. and Leonard, J. and Patrikalakis, A.},
	Booktitle = {OCEANS, 2005. Proceedings of MTS/IEEE},
	Date-Added = {2011-10-28 08:47:56 +0000},
	Date-Modified = {2011-10-28 08:47:56 +0000},
	Doi = {10.1109/OCEANS.2005.1639838},
	Keywords = {SCOUT; Surface Craft for Oceanographic and Undersea Testing; autonomous surface craft; autonomous surface platform; autonomous vehicles; cooperative autonomy; mobile robots; oceanographic equipment; remotely operated vehicles; underwater vehicles;},
	Pages = {725 - 729 Vol. 1},
	Title = {SCOUT - a low cost autonomous surface platform for research in cooperative autonomy},
	Year = {2005},
	Bdsk-Url-1 = {http://dx.doi.org/10.1109/OCEANS.2005.1639838}}

@incollection{Wolfgang2003,
	author	= "Wolfgang Forstner and Boudewijn Moonen",
	title	= "A Metric for Covariance Matrices",
	booktitle= "Geodesy-The Challenge of the 3rd Millennium",
	publisher= "Springer",
	editor	= "Erik W. Grafarend and Friedrich W. Krumm and Volker S. Schwarze",
	pages	= "299-309",
	year	= "2003"
}


@book{bar-shalom-blue,
    author    = "Yaakov Bar-Shalom and X.-Rong Li and Thiagalingam Kirubarajan",
    title     = "Estimation with Applications to Tracking and Navigation: Theory, Algorithms and Software",
    year      = "2002",
    publisher = "John Wiley \& Sons, Inc",
    isbn   = "9780471221272",
    doi = "10.1002/0471221279"
}

@book{Bar-shalom-yellow,
author    = "Yaakov Bar-Shalom",
    title     = "Multitarget-Multisensor Tracking: Principles And Techniques",
    year      = "1995",
    publisher = "YBS Publishing",
edition = "3rd"
}

@ARTICLE{Bar-Shalom1986,
author={Yaakov Bar-Shalom and Campo, L.},
journal={Aerospace and Electronic Systems, IEEE Transactions on},
title={The Effect of the Common Process Noise on the Two-Sensor Fused-Track Covariance},
year={1986},
month={Nov},
volume={AES-22},
number={6},
pages={803-805},
keywords={Covariance matrix;Equations;Filters;Information processing;Noise measurement;Sensor fusion;Sensor systems;Steady-state;Target tracking;Working environment noise},
doi={10.1109/TAES.1986.310815},
ISSN={0018-9251},}

@ARTICLE{Weiss1999, 
author={Y. Weiss and W. T. Freeman}, 
journal={Neural Computation}, 
title={Correctness of Belief Propagation in Gaussian Graphical Models of Arbitrary Topology}, 
year={2001}, 
volume={13}, 
number={10}, 
pages={2173-2200}, 
keywords={}, 
doi={10.1162/089976601750541769}, 
ISSN={0899-7667}, 
month={Oct},}

@ARTICLE{ShalomComments, 
author={Y. Bar-Shalom}, 
journal={IEEE Transactions on Aerospace and Electronic Systems}, 
title={Comments on "Comparison of two-sensor tracking methods based on state vector fusion and measurement fusion" by J. Roecker et al}, 
year={1988}, 
volume={24}, 
number={4}, 
pages={456-457}, 
keywords={signal detection;signal processing;tracking systems;centralised method;decentralised method;two-sensor tracking;state vector fusion;measurement fusion;Band pass filters;State estimation;Space vector pulse width modulation;Statistics;Target tracking;Sensor fusion;Time measurement;Fuses;Sampling methods;Yield estimation}, 
doi={10.1109/7.7188}, 
ISSN={0018-9251}, 
month={July},}

@ARTICLE{Julier2004, 
author={S. J. Julier and J. K. Uhlmann}, 
journal={Proceedings of the IEEE}, 
title={Unscented filtering and nonlinear estimation}, 
year={2004}, 
volume={92}, 
number={3}, 
pages={401-422}, 
keywords={nonlinear estimation;covariance analysis;nonlinear systems;filtering theory;Kalman filters;nonlinear filters;unscented filtering;extended Kalman filter;nonlinear systems;unscented transformation;nonlinear transformations;nonlinear estimation;EKF;Filtering;Nonlinear systems;Target tracking;Control systems;Particle tracking;Kalman filters;Vehicles;Navigation;Chemical processes;Nonlinear control systems}, 
doi={10.1109/JPROC.2003.823141}, 
ISSN={0018-9219}, 
month={March},}

@INPROCEEDINGS{Julier2008,
author={S. J. Julier},
booktitle={Target Tracking and Data Fusion: Algorithms and Applications, 2008 IET Seminar on},
title={Fusion without independence},
year={2008},
month={April},
pages={3-4},
ISSN={0537-9989},}

@inproceedings{Yan2008,
author = {Yan Zhou and Jianxun Li},
booktitle={Proceedings of the 17th World Congress, The International Federation of AUtomatic Control Seoul, Korea},
title={Data fusion of unknown correlations using internal ellipsodal approximation},
year={2008},
month={July},
pages={}
}

@INPROCEEDINGS{Carrillo2013,
author={Carrillo-Arce, L.C. and Nerurkar, E.D. and Gordillo, J.L. and Roumeliotis, S.I.},
booktitle={Intelligent Robots and Systems (IROS), 2013 IEEE/RSJ International Conference on},
title={Decentralized multi-robot cooperative localization using covariance intersection},
year={2013},
month={Nov},
pages={1412-1417},
keywords={computational complexity;decentralised control;motion control;multi-robot systems;CI-based algorithm;asynchronous communication;communication complexity;covariance intersection;decentralized multirobot cooperative localization;robot motion;Approximation algorithms;Estimation;Fuses;Robot sensing systems;Standards;Time measurement},
doi={10.1109/IROS.2013.6696534},
ISSN={2153-0858},}

@INPROCEEDINGS{Sijs2010,
author={Sijs, J. and Lazar, M. and v.d.Bosch, P.P.J.},
booktitle={American Control Conference (ACC), 2010},
title={State fusion with unknown correlation: Ellipsoidal intersection},
year={2010},
month={June},
pages={3992-3997},
keywords={correlation methods;covariance analysis;multivariable systems;sensor fusion;state estimation;covariance;decentralized state estimation;ellipsoidal intersection;estimation error;mean;mutual information;sensor network;state fusion;unknown correlation;Estimation error;Mutual information;Optimization methods;Performance evaluation;Probability density function;Robustness;Sensor systems;State estimation;Temperature;USA Councils;State fusion;decentralized state estimation},
ISSN={0743-1619},}


@INPROCEEDINGS{Julier2001,
author={S. J. Julier and J. K. Uhlmann},
booktitle={Intelligent Robots and Systems, 2001. Proceedings. 2001 IEEE/RSJ International Conference on},
title={Simultaneous localisation and map building using split covariance intersection},
year={2001},
month={},
volume={3},
pages={1257-1262 vol.3},
keywords={computational complexity;mobile robots;optimisation;path planning;SLAM algorithm;computational complexity;lower bound;path planning;simultaneous localisation map building algorithm;split covariance intersection;Buildings;Cities and towns;Costs;Mobile robots;Orbital robotics;Robot sensing systems;Simultaneous localization and mapping;Space vehicles;State estimation;State-space methods},
doi={10.1109/IROS.2001.977155},}

@INPROCEEDINGS{Xu2001ECI,
author={Xu, X. and Negahdaripour, S.},
booktitle={Robotics and Automation, 2001. Proceedings 2001 ICRA. IEEE International Conference on},
title={Application of extended covariance intersection principle for mosaic-based optical positioning and navigation of underwater vehicles},
year={2001},
month={},
volume={3},
pages={2759-2766 vol.3},
keywords={computer vision;correlation methods;image registration;image sequences;mobile robots;navigation;position control;sensor fusion;underwater vehicles;correlation;data fusion;extended covariance intersection;mobile robots;mosaic-based positioning;underwater vehicles;visual map;visual navigation;Application software;Computer vision;Laboratories;Mobile robots;Motion estimation;Navigation;Optical filters;Optical imaging;Robot sensing systems;Underwater vehicles},
doi={10.1109/ROBOT.2001.933040},
ISSN={1050-4729},}

@phdthesis{BergemThesis,
author={Oddbj{\o}rn Bergem},
title={Bathymetric Navigation of Autonomous Underwater Vehicles Using A Multibeam Sonar and A Kalman Filter With Relative Measurement Covariance Matrices},
year={1993},
school={University of Trondheim}
}
@phdthesis{UhlmannThesis,
author = "Uhlmann, J.K.",
title = "Dynamic map building and localization for autonomous vehicles",
year = "1995-1996",
school = "University of Oxford",
}

@phdthesis{WilliamThesis,
author ={Tan Yew Teck},
title ={COOPERATIVE ALGORITHMS FOR A TEAM OF AUTONOMOUS UNDERWATER VEHICLES},
year={2014},
school={National University of Singapore},
}

@INPROCEEDINGS{Yimin2009,
author={Yimin Wang and Li, X.R.},
booktitle={Information Fusion, 2009. FUSION '09. 12th International Conference on},
title={A fast and fault-tolerant convex combination fusion algorithm under unknown cross-correlation},
year={2009},
month={July},
pages={571-578},
keywords={computational complexity;distributed algorithms;distributed sensors;fault tolerant computing;multivariable systems;nonlinear functions;sensor fusion;adaptive parameter;computational complexity;covariance intersection algorithm;distributed fusion algorithm;fault-tolerant convex combination fusion algorithm;local estimates;nonlinear cost function optimization;unknown error cross-correlation;Closed-form solution;Computational complexity;Cost function;Covariance matrix;Fault tolerance;Knowledge engineering;Minimization methods;Network topology;Robustness;Sensor fusion;Distributed fusion;chernoff information;convex combination;covariance intersection;decentralized network;fault-tolerant},}

@ARTICLE{Fitzgerald1971,
author={Fitzgerald, Robert J.},
journal={Automatic Control, IEEE Transactions on},
title={Divergence of the Kalman filter},
year={1971},
month={Dec},
volume={16},
number={6},
pages={736-747},
keywords={Kalman filtering;Covariance matrix;Degradation;Differential equations;Error correction;Extraterrestrial measurements;Filtering;Kalman filters;Missiles;Multidimensional systems;Navigation},
doi={10.1109/TAC.1971.1099836},
ISSN={0018-9286},}

@article{Uhlmann2003,
    author  = "Jeffrey K. Uhlmann",
    title   = "Covariance consistency methods for fault-tolerant distributed data fusion",
    year    = "2003",
    journal = "Information Fusion",
    volume  = "4",
    number  = "3",
    pages   = "201--215",
    month = "September"
}

@inproceedings{Kalyan2013,
 author = {Kalyan, Bharath and Chitre, Mandar},
 title = {A Feasibility Analysis on Using Bathymetry for Navigation of Autonomous Underwater Vehicles},
 booktitle = {Proceedings of the 28th Annual ACM Symposium on Applied Computing},
 series = {SAC '13},
 year = {2013},
 isbn = {978-1-4503-1656-9},
 location = {Coimbra, Portugal},
 pages = {229--231},
 numpages = {3},
 url = {http://doi.acm.org/10.1145/2480362.2480411},
 doi = {10.1145/2480362.2480411},
 acmid = {2480411},
 publisher = {ACM},
 address = {New York, NY, USA},
 keywords = {AUV localization, bathymetry aided navigation, posterior cramer-rao bounds},
}

@INPROCEEDINGS{Antonelli2010,
author={Antonelli, G. and Arrichiello, F. and Chiaverini, S. and Sukhatme, G.},
booktitle={Robotics and Automation (ICRA), 2010 IEEE International Conference on},
title={Observability analysis of relative localization for AUVs based on ranging and depth measurements},
year={2010},
pages={4276-4281},
keywords={Kalman filters;mobile robots;path planning;position measurement;remotely operated vehicles;telerobotics;underwater vehicles;Autonomous Underwater Vehicles;Extended Kalman Filter;angular velocity sensor;depth sensors;linear velocity sensor;nonlinear system;observability analysis;position estimation;Global Positioning System;Observability;Position measurement;Robot sensing systems;Sea measurements;Sea surface;Transponders;Underwater communication;Underwater vehicles;Velocity measurement},
doi={10.1109/ROBOT.2010.5509573},
ISSN={1050-4729},}

@ARTICLE{Lerro1993,
author={Lerro, D. and Bar-Shalom, Y.},
journal={Aerospace and Electronic Systems, IEEE Transactions on},
title={Tracking with debiased consistent converted measurements versus EKF},
year={1993},
volume={29},
number={3},
pages={1015-1022},
keywords={Kalman filters;measurement errors;parameter estimation;position measurement;tracking;Cartesian coordinates;azimuth;cross-range errors;debiased consistent converted measurements;error statistics;extended Kalman filter;mixed coordinates;radar;range;sonar;target position measurements;velocity errors;Azimuth;Coordinate measuring machines;Geometry;Kalman filters;Motion measurement;Nonlinear filters;Position measurement;Radar measurements;Radar tracking;Sensor systems;Target tracking},
doi={10.1109/7.220948},
ISSN={0018-9251},}

@incollection{UhlmannHandbook,
    author    = "Jeffrey Uhlmann",
    booktitle     = "Handbook of Multisensor Data Fusion: Theory and Practice",
    title = "General Decentralized Data Fusion with Covariance Intersection",
    publisher = "CRC Press",
    series   = "The Electrical Engineering and Applied Signal Processing Series",
    edition  = "2nd",
    year      = "2009",
    chapter = "14"
}


@INPROCEEDINGS{Taylor1978,
author={Taylor, J.H.},
booktitle={Decision and Control including the 17th Symposium on Adaptive Processes, 1978 IEEE Conference on},
title={The Cramer-Rao estimation error lower bound computation for deterministic nonlinear systems},
year={1978},
volume={17},
pages={1178-1181},
keywords={Additive noise;Aerospace engineering;Coordinate measuring machines;Estimation error;Gaussian noise;Kalman filters;Mechanical variables measurement;Noise measurement;Nonlinear equations;Nonlinear systems},
doi={10.1109/CDC.1978.268121},
}

@INPROCEEDINGS{Gadre2004, 
author={A. S. Gadre and D. J. Stilwell}, 
booktitle={IEEE International Conference on Robotics and Automation, 2004. Proceedings. ICRA '04. 2004}, 
title={Toward underwater navigation based on range measurements from a single location}, 
year={2004}, 
volume={5}, 
number={}, 
pages={4472-4477 Vol.5}, 
keywords={underwater vehicles;remotely operated vehicles;computerised navigation;underwater navigation;range measurements;underwater vehicle;volume constraints;potential vehicle trajectories;Navigation;Observability;Vehicle dynamics;Acoustic pulses;Target tracking;Information analysis;Vehicles;Underwater acoustics;Computer vision;Filters}, 
doi={10.1109/ROBOT.2004.1302422}, 
ISSN={1050-4729}, 
month={April},}

@article{Fallon2010,
  author    = {Maurice F. Fallon and
               Georgios Papadopoulos and
               John J. Leonard and
               Nicholas M. Patrikalakis},
  title     = {Cooperative {AUV} Navigation using a Single Maneuvering Surface Craft},
  journal   = {I. J. Robotics Res.},
  volume    = {29},
  number    = {12},
  pages     = {1461--1474},
  year      = {2010},
  url       = {https://doi.org/10.1177/0278364910380760},
  doi       = {10.1177/0278364910380760},
  timestamp = {Sat, 03 Mar 2018 00:07:36 +0100},
  biburl    = {https://dblp.org/rec/bib/journals/ijrr/FallonPLP10},
  bibsource = {dblp computer science bibliography, https://dblp.org}
}

@INPROCEEDINGS{Chitre2010, 
author={M. Chitre}, 
booktitle={2010 International Conference on Autonomous and Intelligent Systems, AIS 2010}, 
title={Path planning for cooperative underwater range-only navigation using a single beacon}, 
year={2010}, 
volume={}, 
number={}, 
pages={1-6}, 
keywords={cooperative systems;path planning;radionavigation;remotely operated vehicles;underwater vehicles;cooperative underwater range only navigation;single beacon;autonomous underwater vehicle;dead reckoning;unbounded localization error;GPS position;underwater acoustic beacons;long baseline;cooperative localization;autonomous surface crafts;single range measurement;path planning algorithms;Vehicles;Navigation;Sensors;Function approximation;Acoustic measurements;Path planning;Autonomous underwater vehicles;localization;positioning;navigation}, 
doi={10.1109/AIS.2010.5547044}, 
ISSN={}, 
month={June},}

@article{Webster2012,
  author    = {S. E. Webster and R. M. Eustice and H. Singh, and L. L. Whitcomb},
  title     = {Advances
in single-beacon one-way-travel-time acoustic navigation for
underwater vehicles},
  journal   = {I. J. Robotics Res.},
  volume    = {31},
  number    = {8},
  pages     = {935–-950},
  year      = {2012}
}

@ARTICLE{Song1999, 
author={Taek Lyul Song}, 
journal={IEEE Journal of Oceanic Engineering}, 
title={Observability of target tracking with range-only measurements}, 
year={1999}, 
volume={24}, 
number={3}, 
pages={383-387}, 
keywords={target tracking;observability;observers;motion estimation;direction-of-arrival estimation;adaptive estimation;information theory;target tracking;local system observability;range-only measurements;target motion analysis;2D manoeuvring target;single observer;Fisher information matrix;system dynamics;noisy measurement equations;modified polar coordinate system;simulation studies;naval surface vehicle engagements;state estimator;extended Kalman filter;Observability;Target tracking;Sufficient conditions;Motion analysis;Professional communication;Motion measurement;Information analysis;Vehicle dynamics;Coordinate measuring machines;Equations}, 
doi={10.1109/48.775299}, 
ISSN={0364-9059}, 
month={July},}

@book{CTChen,
    author    = {Chi-Tsong Chen},
    title     = {Introduction to linear system theory},
    year      = {1970},
    publisher = {New York , Holt, Rinehart and Winston}
}

@book{Bar-Shalom1988,
    author    = {Bar-Shalom, Y. and Fortmann, T.},
    title     = {Tracking and Data Association},
    year      = {1988},
    publisher = {New York: Acadmic Press}
}

@INPROCEEDINGS{Chen2002,
author={Lingji Chen and Arambel, P.O. and Mehra, R.K.},
booktitle={Information Fusion, 2002. Proceedings of the Fifth International Conference on},
title={Fusion under unknown correlation - covariance intersection as a special case},
year={2002},
month={July},
volume={2},
pages={905-912 vol.2},
keywords={Kalman filters;covariance matrices;random processes;sensor fusion;1D parameterization;combination gains;covariance intersection algorithm;covariance matrix;n-square dimensional space;optimal-trace-in-the-family;partial estimates;random variable fusion;trace minimization;unknown correlations;upper bounds;Computer aided software engineering;Covariance matrix;Fuses;Kalman filters;Least squares approximation;Least squares methods;Random variables;Uncertainty;Upper bound},
doi={10.1109/ICIF.2002.1020908},}

@ARTICLE{Lihao2013A,
author={Hao Li and Nashashibi, F.},
journal={Intelligent Transportation Systems Magazine, IEEE},
title={Cooperative Multi-Vehicle Localization Using Split Covariance Intersection Filter},
year={2013},
volume={5},
number={2},
pages={33-44},
keywords={automated highways;covariance analysis;filtering theory;sensor fusion;traffic engineering computing;cooperative multivehicle localization;ego-vehicle sensor data;ground vehicle;intelligent vehicle system;inter-estimate correlation degree;split covariance intersection filter;vehicle cooperation;Data integration;Estimation;Intelligent vehicles;Land vehicles;Mobile radio mobility management;Vehicle detection},
doi={10.1109/MITS.2012.2232967},
ISSN={1939-1390},}

@ARTICLE{Lihao2013B,
author={Li, H. and Nashashibi, F. and Yang, M.},
journal={Intelligent Transportation Systems, IEEE Transactions on},
title={Split Covariance Intersection Filter: Theory and Its Application to Vehicle Localization},
year={2013},
volume={14},
number={4},
pages={1860-1871},
keywords={Cooperative systems;Data integration;Kalman filters;Position measurement;Cooperative intelligent systems;Kalman filter;data fusion;intelligent transportation systems (ITS);split covariance intersection filter (split CIF);vehicle localization},
doi={10.1109/TITS.2013.2267800},
ISSN={1524-9050},}


@INPROCEEDINGS{Noack2011,
author={Noack, B. and Baum, M. and Hanebeck, U.D.},
booktitle={Information Fusion (FUSION), 2011 Proceedings of the 14th International Conference on},
title={Covariance intersection in nonlinear estimation based on pseudo Gaussian densities},
year={2011},
pages={1-8},
keywords={Gaussian processes;sensor fusion;state estimation;arbitrary noise;covariance consistency;covariance intersection;data fusion;distributed fusion technique;distributed nonlinear state estimation;fusion architecture;linear estimation problem;networked system;nonlinear estimation;nonlinear system dynamics;pseudo Gaussian density;sensor model;Correlation;Covariance matrix;Ellipsoids;Joints;Noise;State estimation;Covariance intersection;covariance bounds;decentralized estimation;distributed estimation;nonlinear estimation;state transformation},}


@book{Mutambara1998,
author={Mutambara, A.G.O.},
title={Decentralized Estimation and Control for Nonlinear Systems},
publisher={CRC Press},
year={1998},
}


@book{Jaz1970,
author={Jazwinski, A.H.},
title={Stochastic Processes and Filtering Theory},
publisher={Academic Press, New York},
year={1970},

}

@article{Michel2000,
autohor={Michel Kieffer, and Luc Jaulin, and ��ric Walter and Dominique Meizel},
journal={Reliable Computing},
title={Robust Autonomous Robot Localization Using Interval Analysis},
year={2000},
Volume={6},
number={3},
pages={337-362},
month={August},

}

@article{Deng2012,
author  = "Zili Deng and Peng Zhang and Wenjuan Qi and Jinfang Liu and Yuan Gao",
    title   = "Sequential covariance intersection fusion Kalman filter",
    year    = "2012",
    journal = "Information Sciences",
    volume  = "189",
    number  = "",
    pages   = "293--309"

}

@article{Deng2013,
author  = "Zili Deng and Peng Zhang and Wenjuan Qi and Yuan Gao and Jinfang Liu",
    title   = "The accuracy comparison of multisensor covariance intersectin fuser and three weighting fusers",
    year    = "2013",
    journal = "Information Fusion",
    volume  = "14",
    number  = "",
    pages   = "177--185"

}

@ARTICLE{Lazarus2007,
author={Lazarus, S.B. and Ashokaraj, I. and Tsourdos, A. and Zbikowski, Rafal and Silson, P. M G and Aouf, N. and White, B.A.},
journal={Sensors Journal, IEEE},
title={Vehicle Localization Using Sensors Data Fusion Via Integration of Covariance Intersection and Interval Analysis},
year={2007},
volume={7},
number={9},
pages={1302-1314},
keywords={Kalman filters;covariance analysis;inertial navigation;intelligent sensors;position measurement;sensor fusion;ultrasonic transducers;vehicles;Kalman filter;acceleration measurement;angle rate measurement;covariance intersection;dead reckoning sensors;ground vehicle;guaranteed performance approach;inertial sensors;integrated sensor fusion architecture;interval analysis;obstacle detection;position estimation;robust vehicle navigation;sensors data fusion;sensors measurements;time-of-flight ultrasonic sensors;vehicle localization;wheel encoders;Dead reckoning;Intelligent sensors;Land vehicles;Navigation;Noise robustness;Sensor fusion;Sensor systems;Statistical analysis;Uncertainty;Wheels;Covariance intersection (CI);extended Kalman filter (EKF);guaranteed performance;interval analysis;multiple sensor fusion;robust estimation;vehicle localization},
doi={10.1109/JSEN.2007.901556},
ISSN={1530-437X},
}

@INPROCEEDINGS{Hurley2002,
author={Hurley, M.B.},
booktitle={Information Fusion, 2002. Proceedings of the Fifth International Conference on},
title={An information theoretic justification for covariance intersection and its generalization},
year={2002},
volume={1},
pages={505-511 vol.1},
keywords={Kalman filters;covariance analysis;information theory;sensor fusion;Chernoff information;Kalman filter;Kalman filters;Shannon information;covariance intersection;data fusion;fused density function;fusion;information theory;optimization criteria;probability density functions;Contracts;Control theory;Density functional theory;Density measurement;Fuses;Information theory;Laboratories;Probability density function;Robots;Testing},
doi={10.1109/ICIF.2002.1021196}
}

@INPROCEEDINGS{Benaskeur2002, 
author={A. R. {Benaskeur}}, 
booktitle={IEEE 2002 28th Annual Conference of the Industrial Electronics Society. IECON 02}, 
title={Consistent fusion of correlated data sources}, 
year={2002}, 
volume={4}, 
number={}, 
pages={2652-2656 vol.4}, 
keywords={sensor fusion;target tracking;correlated data sources fusion;fusion algorithm selection;underlying data fusion architecture;decentralized architecture;target tracking problem;largest ellipsoid approach;Target tracking;Covariance matrix;Decision support systems;Data mining;Sensor fusion;Sensor systems;Mean square error methods;Kalman filters;Robustness;Ellipsoids}, 
doi={10.1109/IECON.2002.1182812}, 
ISSN={}, 
month={Nov},}

@INPROCEEDINGS

@INPROCEEDINGS{Pablo2001,
author={Arambel, P.O. and Rago, Constantino and Mehra, R.K.},
booktitle={American Control Conference, 2001. Proceedings of the 2001},
title={Covariance intersection algorithm for distributed spacecraft state estimation},
year={2001},
volume={6},
pages={4398-4403 vol.6},
keywords={aerospace control;filtering theory;space vehicles;state estimation;NASA;TPF mission;covariance intersection filter;cross-covariance;spacecraft;state estimation;Computer architecture;Instruments;NASA;Optical filters;Optical interferometry;Random variables;Robustness;Space technology;Space vehicles;State estimation},
doi={10.1109/ACC.2001.945670},
ISSN={0743-1619},}


@INPROCEEDINGS{Julier1997,
author={S. J. Julier and J. K. Uhlmann},
booktitle={American Control Conference, 1997. Proceedings of the 1997},
title={A non-divergent estimation algorithm in the presence of unknown correlations},
year={1997},
volume={4},
pages={2369-2373 vol.4},
keywords={filtering theory;sensor fusion;state estimation;covariance intersection algorithm;cross-correlation;data fusion algorithm;nondivergent estimation algorithm;random variables;unknown correlations;Covariance matrix;Information filtering;Information filters;Predictive models;Random variables;Sensor fusion;Sensor systems;State estimation;Vehicles;Yield estimation},
doi={10.1109/ACC.1997.609105},
ISSN={0743-1619},
}

@ARTICLE{Eustice2006,
author={R. M. Eustice and H. Singh and J. J. Leonard},
journal={IEEE Transactions on Robotics},
title={Exactly Sparse Delayed-State Filters for View-Based SLAM},
year={2006},
volume={22},
number={6},
pages={1100-1114},
keywords={Kalman filters;SLAM (robots);mobile robots;remotely operated vehicles;underwater vehicles;delayed-state information matrix;mobile robot motion planning;robot vision systems;simultaneous localization and mapping;sparse delayed-state filters;sparse extended information filter;thin junction-tree filter;underwater vehicles;Delay;Information filtering;Information filters;Marine technology;Mobile robots;Navigation;Oceans;Simultaneous localization and mapping;Sparse matrices;Underwater vehicles;Information filters;Kalman filtering;machine vision;mobile robot motion planning;mobile robots;recursive estimation;robot vision systems;simultaneous localization and mapping (SLAM);underwater vehicles},
doi={10.1109/TRO.2006.886264},
ISSN={1552-3098},
month={Dec},}

@INPROCEEDINGS{Peng2016,
author={D. Peng and T. Zhou and H. Li and W. Zhang},
booktitle={2016 IEEE/OES China Ocean Acoustics (COA)},
title={Terrain aided navigation for underwater vehicles using maximum likelihood method},
year={2016},
volume={},
number={},
pages={1-6},
keywords={bathymetry;inertial navigation;marine navigation;maximum likelihood estimation;underwater vehicles;terrain-aided navigation;underwater vehicles;terrain matching navigation;position estimation;terrain real-time measurement;terrain database;dead-reckoning;inertial navigation;undulating terrain surface;geometric description;mathematical function;look-up table;nonlinear state estimation problem;maximum likelihood estimation algorithm;probability criterion;multibeam echo sounder;bathymetry data;real-time bathymetry;reference digital map;terrain statistical information;terrain matching field;Estimation;Standards;Acoustics;Transponders;Databases;Correlation;Entropy;terrain matching navigation;underwater vehicles;multi-beam echo sounder;maximum likelihood estimation;terrain statistical information},
doi={10.1109/COA.2016.7535750},
ISSN={},
month={Jan},}

@incollection{Julier2001book,
author={S. J. Julier and J. K. Uhlmann},
title={General Decentralized Data Fusion with Covariance Intersection ({CI})},
booktitle={Handbook of Multisensor Data Fusion},
chapter={12},
publisher={CRC Press LLC},
year={2001},
}


@INPROCEEDINGS{Caglioti2006,
author={Caglioti, V. and Citterio, A. and Fossati, A.},
booktitle={Distributed Intelligent Systems: Collective Intelligence and Its Applications, 2006. DIS 2006. IEEE Workshop on},
title={Cooperative, distributed localization in multi-robot systems: a minimum-entropy approach},
year={2006},
pages={25-30},
keywords={Kalman filters;control engineering computing;minimum entropy methods;multi-robot systems;nonlinear filters;distributed localization;extended Kalman filter;minimum-entropy approach;minimum-uncertainty perception;multirobot systems;Entropy;Mobile robots;Motion measurement;Multirobot systems;Orbital robotics;Robot kinematics;Robot sensing systems;Scalability;Sensor phenomena and characterization;State estimation},
doi={10.1109/DIS.2006.20}
}

@phdthesis{StergiosThesis,
    author = {Stergios I. Roumeliotis},
    title = {Robust Mobile Robot Localization: From Single-robot Uncertainties to Multi-robot Interdependencies},
    year = {2000},
    school = {University of Southern Calibornia},
    month ={May},
    keywords = {},
    note = {}
}

@INPROCEEDINGS{Marc2012,
author={Reinhardt, M. and Noack, B. and Hanebeck, U.D.},
booktitle={Information Fusion (FUSION), 2012 15th International Conference on},
title={Closed-form optimization of covariance intersection for low-dimensional matrices},
year={2012},
month={July},
pages={1891-1896},
keywords={convex programming;covariance matrices;sensor fusion;closed form optimization;convex optimization problem;covariance intersection;covariance matrices;determinant minimization;fused covariance matrix;low dimensional matrices;nonlinear optimization;optimization criteria;polynomial root finding problem;sensor fusion;sensor network information processing;Covariance matrix;Eigenvalues and eigenfunctions;Matrix decomposition;Optimization;Polynomials;Symmetric matrices},}

@INPROCEEDINGS{Wu2012,
author={Tao-Tao Wu and Jin An and Chun-Shan Ding and Shuang-Xi Luo},
booktitle={Information Fusion (FUSION), 2012 15th International Conference on},
title={Research on ellipsoidal intersection fusion method with unknown correlation},
year={2012},
month={July},
pages={558-564},
keywords={Kalman filters;2-sensor CI algorithm;Kalman filter;convexity property;cost functions;covariance intersection;decentralized state fusion methods;ellipsoidal intersection fusion method;fused covariance;mutual covariance;natural logarithm;unknown correlation;Algorithm design and analysis;Approximation algorithms;Correlation;Cost function;Optimized production technology;Software algorithms;Covariance intersection;Newton iteration;algorithm;cost function;ellipsoidal intersection;restricted convex programming},}

@INPROCEEDINGS{Chong,
author = {Chee-Yee Chong and Shozo Mori},
title = {Convex Combination and Covariance Intersection Algorithms in Distributed Fusion},
booktitle = {International Conference on Information Fusion},
note={can't find exact book}
}
@INPROCEEDINGS{Yimin2009,
author={Yimin Wang and Li, X.R.},
booktitle={Information Fusion, 2009. FUSION '09. 12th International Conference on},
title={A fast and fault-tolerant convex combination fusion algorithm under unknown cross-correlation},
year={2009},
month={July},
pages={571-578},
keywords={computational complexity;distributed algorithms;distributed sensors;fault tolerant computing;multivariable systems;nonlinear functions;sensor fusion;adaptive parameter;computational complexity;covariance intersection algorithm;distributed fusion algorithm;fault-tolerant convex combination fusion algorithm;local estimates;nonlinear cost function optimization;unknown error cross-correlation;Closed-form solution;Computational complexity;Cost function;Covariance matrix;Fault tolerance;Knowledge engineering;Minimization methods;Network topology;Robustness;Sensor fusion;Distributed fusion;chernoff information;convex combination;covariance intersection;decentralized network;fault-tolerant},}

@phdthesis{BahrThesis,
    author = {Bahr, Alexander},
    title = {Cooperative Localization for Autonomous Underwater Vehicles},
    year = {2009},
    school = {the Massachusetts Institute of Technology and the Woods Hole Oceanographic Institution},
    month ={February},
    keywords = {},
    note = {}
}

@article{William1999,
    Author = {William S. Murphy Jr. and Willy Hereman},
    title = {Determination of A Position in Three Dimensions using Trilateration and Approximate Distance},
    journal = {},
    month = {November},
    year = {1999},
    note = {}
}

@mastersthesis {Alleyne2000,
author={ J. C. Alleyne},
year = {2000},
title={Position estimation from range only measurements},
school={Naval Postgrad. Schl., Monterey, CA,
USA},
month={Sep.},
department={Dept. Mech. Eng.}
}



@INPROCEEDINGS{Bahr2009consistent, 
author={Bahr, Alexander and M. R. Walter and J. J. Leonard}, 
booktitle={2009 IEEE International Conference on Robotics and Automation}, 
title={Consistent cooperative localization}, 
year={2009}, 
volume={}, 
number={}, 
pages={3415-3422}, 
keywords={acoustic devices;covariance analysis;mobile robots;underwater vehicles;consistent cooperative localization;mobile robot;angle measurement;range measurement;dead reckoning;multiple autonomous underwater vehicle;acoustic modem;mobile trilateration;state estimation;data association;outlier rejection;covariance estimation;Acoustic measurements;Navigation;State estimation;Performance evaluation;Remotely operated vehicles;Yield estimation;Mobile robots;Goniometers;Underwater vehicles;Underwater acoustics;Cooperative Localization;Cooperative Navigation;Sensor Fusion}, 
doi={10.1109/ROBOT.2009.5152859}, 
ISSN={1050-4729}, 
month={May},}


@inproceedings{Chitre2012,
    Author = {Mandar Chitre},
    Booktile = {International Conference on Autonomous and Intelligent Systems, Portugal},
    Month = {June},
    page = {},
    title ={Path planning for cooperative underwater range-only navigation using a single beacon},
    year = {2010}

}
@inproceedings{Chitre2008,
	Author = {Mandar Chitre},
	Booktitle = {IEEE/MTS OCEANS 2008},
	Month = {September},
page = {1-10},
	Title = {DSAAV - A distributed software architecture for autonomous vehicles},
	Year = {2008}}

@inproceedings{MinyongChoi,
	Author = {Minyong Choi and Jinwoo Choi and Jonghoon Park and Wan Kyun Chung},
	Booktitle = {},
	Month = {May},
page = {},
	Title = {State Estimation with Delayed Measurements Considering Uncertainty
of Time Delay},
	Year = {200}}

@inproceedings{Stergios2000,
    Author = {Sergios I. Roumuliotis and George A. Bekey},
    Booktitle = {the 2000 IEEE International Conference on Robotics \& Automation, San Francisco, CA},
    Title = {Collective Localization: A distributed Kalman filter approach to localization of groups of mobile robots},
    Month = {April},
    Year = {2000}
}

@inproceedings{Alex1991,
    Author = {Harold L. Alexander},
    booktitle = "Proc. SPIE 1470",
    page = {103},
    year = {1991},
    title = {State estimation for distributed systems with sensing delay}
}

@INPROCEEDINGS{Julier2006,
author={Julier, S.J. and Bailey, Tim and Uhlmann, J.K.},
booktitle={Nonlinear Statistical Signal Processing Workshop, 2006 IEEE},
title={Using Exponential Mixture Models for Suboptimal Distributed Data Fusion},
year={2006},
month={Sept},
pages={160-163},
keywords={Computer science;Data engineering;Educational institutions;History;Network topology;Robots;Robustness;Sensor fusion;State estimation;Yield estimation},
doi={10.1109/NSSPW.2006.4378844},}

@article{Tan2011,
    Author = {Y. T. Tan and R. Gao and M. Chitre},
    title = {Cooperative path planning for range-only localization using a single moving beacon},
    journal = {Oceanic Engineering, Special Issue on Marine Vehicle Autonomy},
    month = {October},
    year = {2011},
    note = {submitted}

}

@article{Ajit2011,
    Author = {Ajit Gopalakrishnan and Niket S. Kaisare and Shankar Narasimhan},
    title = {Incorporating delayed and infrequent measurements in Extended Kalman Filter based nonlinear state estimation},
    journal = {Journal of Process Control},
    volume = {21},
    issue = {1},
    month = {January},
    year = {2011},
    page = {119-129}

}

@inproceedings{Bahr2006,
author={Bahr, Alexander and J. Leonard},
booktitle={Proc. 10th International Symposium on Experimental Robotics (ISER), Rio de Janeiro, Brazil},
year = {2006},
title={cooperative localization for autonomous underwater vehicles}
}

@ARTICLE{Paull2014,
author={Paull, L. and Saeedi, S. and Seto, M. and Li, H.},
journal={Oceanic Engineering, IEEE Journal of},
title={AUV Navigation and Localization: A Review},
year={2014},
month={Jan},
volume={39},
number={1},
pages={131-149},
keywords={Global Positioning System;SLAM (robots);autonomous underwater vehicles;AUV localization problem;GPS;Global Positioning System;autonomous underwater vehicle;expensive inertial sensors;radio-frequency signals;simultaneous localization and mapping technology;underwater communications;Acoustics;Simultaneous localization and mapping;Sonar navigation;Autonomous underwater vehicles (AUVs);marine navigation;simultaneous localization and mapping},
doi={10.1109/JOE.2013.2278891},
ISSN={0364-9059},}


@INPROCEEDINGS{Curn2013,
author={Curn, J. and Marinescu, D. and O'Hara, N. and Cahill, V.},
booktitle={Information Fusion (FUSION), 2013 16th International Conference on},
title={Data incest in cooperative localisation with the Common Past-Invariant Ensemble Kalman filter},
year={2013},
month={July},
pages={68-76},
keywords={Global Positioning System;Kalman filters;road traffic;sensor fusion;traffic engineering computing;CPI-EnKF;GPS;Global Positioning System;common past-invariant ensemble Kalman filter;communication topology;cooperative localisation scenario;cooperative vehicle localisation problem;data incest;distributed fusion system;mutual communication;odometry;proximity sensor;radar;vehicle position estimation;Accuracy;Correlation;Equations;Global Positioning System;Kalman filters;Mathematical model;Vehicles},}

@article{Koay2011,
author={T. B. Koay and Y. T. Tan and Y. H. Eng and R. Gao and M. Chitre and J. L. Chew and N. Chandhavarkar and R. Khan, T. Taher and J. Koh},
journal={Indian Journal of geo-Marine Science},
title={STARFISH �C a small team of autonomous robotic fish},
year={2011},
month={April},
volume={40},
number={2},
pages={157-167}
}

@ARTICLE{Dushaw,
  AUTHOR = "Dushaw, Brian D. and Worcester, P.F. and Cornuelle, B.D. and Howe, B.M. ",
  TITLE = "On equations for the speed of sound in seawater",
  JOURNAL = "Journal of the Acoustical Society of America 93",
  YEAR = "1993",
  volume = "1",
  number = "",
  pages =  "255�C275",
  month =        "",
  note =         "",
  abstract =     "",
  keywords =     "",
  source =       "",
  doi = "10.2514/3.3166"
}

@ARTICLE{RTS,
  AUTHOR = "DRauch, H.E. and Tung, F. and Striebel, C.T.",
  TITLE = "Maximum likelihood estimates of linear dynamic systems",
  JOURNAL = "American Institute of Aeronautics and Astronautics Journal",
  YEAR = "1965",
  volume = "3",
  number = "8",
  pages =  "1445-1450",
  month =        "August",
  note =         "",
  abstract =     "",
  keywords =     "",
  source =       ""
}

@INPROCEEDINGS{Zhou,
  author={X. S. Zhou and S. I. Roumeliotis},
  booktitle={Proceedings of IEEE International Conference on Robotics and Automation, Rome, Italy},
  title={Determining the Robot-to-Robot Relative Pose Using Range-only Measurements},
  pages={4025--4031},
  year={2007},
  month={April},
  volume={},
  number={},
}

@ARTICLE{Roumeliotis2002,
  AUTHOR = "S.I. Roumeliotis and G.A. Bekey",
  TITLE = "Distributed Multi-Robot Localization",
  JOURNAL =      "IEEE Transactions on Robotics and Automation",
  YEAR =         "2002",
  volume =       "18(5)",
  number =       "",
  pages =        "781-795",
  month =        "October",
  note =         "",
  abstract =     "",
  keywords =     "",
  source =       ""
}

@ARTICLE{Caldwell1971,
  AUTHOR = "M. C. Caldwell and D. K. Caldwell",
  TITLE = "Statistical evidence for individual signature whistles in Pacific white-sided dolphins, \emph{{L}agenorhynchus obliquidens}",
  JOURNAL = "Cetology",
  YEAR = "1971",
  volume = "3",
  number = "",
  pages = "1-9",
  month =        "",
  note =         "",
  abstract =     "",
  keywords =     "",
  source =       ""
}

@ARTICLE{Julie2003,
  AUTHOR = "Julie N. Oswald and Jay Barlow and Thomas F. Norris",
  TITLE = "Acoustic identification of nine delphinid species in the eastern tropical pacific ocean",
  JOURNAL = "Ultrasonics",
  YEAR =         "2003",
  volume =       "19",
  number =       "1",
  pages =        "20-37",
  month =        "Jan.",
  note =         "",
  abstract =     "",
  keywords =     "",
  source =       ""
}

@INPROCEEDINGS{Hong1999,
  author = "L. Hong and T. B. Koay and J. R. Potter and S. H. Ong",
  title = "Estimating snapping shrimp noise in warm shallow water",
  booktitle = "Oceanology International'99, Singapore",
  year = "1999",
  publisher = ""
}


@ARTICLE{Khanna1997,
  AUTHOR = "H. Khanna and S. L. L. Gaunt and D. A. McCallum",
  TITLE = "Digital spectrographic cross-correlation: tests of sensitivity",
  JOURNAL = "Bioacoustics",
  YEAR =         "1997",
  volume =       "7",
  number =       "3",
  pages =        "209-234",
  month =        "",
  note =         "",
  abstract =     "",
  keywords =     "",
  source =       ""
}

@INPROCEEDINGS{Suranga2007,
  AUTHOR = "S. C. Nanayakkara and M. Chitre and S. H. Ong and E. Taylor",
  TITLE = "Automatic classification of whistles produced by indo-pacific humpback dolphins (\emph{{S}ousa chinensis})",
  BOOKTITLE = "Proc. of Oceans'07",
  YEAR =         "2007",
  editor =       "",
  volume =       "7",
  number =       "",
  series =       "",
  pages =        "1-5",
  address =      "",
  month =        "Jun.",
  organization = "",
  publisher =    "",
  note =         "",
  abstract =     "",
  keywords =     ""
}

@unpublished{Ong1996,
  author = "Ling Ong",
  title = "The description and analysis of Bottlenose Dolphin (\emph{{T}ursiops truncatus}) Whistles",
  note = "A thesis submitted to the {N}ational {U}niversity of {S}ingapore in partial fulfilment of the {D}egree of {B}achelor of {S}cience with {H}onours in {Z}oology",
  month =	 "",
  year =	 "1996"
}

@INPROCEEDINGS{Greco2003,
  author = "Greco, M. and Gini, F. and Verrazzani, L.",
  booktitle = "Signal Processing and Information Technology",
  title = "Analysis and modeling of acoustic signals emitted by Mediterranean bottlenose dolphins",
  year = "2003",
  month = "Dec.",
  volume = "",
  number = "",
  pages = "122-125",
  keywords = " Mediterranean bottlenose dolphins; acoustic signals; data acquisition; estimating the parameters; multicomponent signals; relaxation method; sonar clicks signals; sonar whistles signals; bioacoustics; data acquisition; parameter estimation; sonar signal processing;",
  doi="10.1109/ISSPIT.2003.1341075",
  ISSN=""
  }

@incollection{Tyack1999,
    author =    "Tyack, P. L.",
    editor =    "J. E. Reynolds, III and S. A. Rommel",
    title =     "Communications and cognition",
    booktitle = "Biology of Marine Mammals",
    publisher = "Smithsonian Institution Press, Washingtong, D.C.",
    year =      "1999",
    pages =     "287-323"
}

@incollection{Christer2004,
  AUTHOR =       "Christer Blomqvist and Mats Amundin",
  editor =       "R. G. Busnel",
  bookTITLE =        "Echolocation in Bats and Dolphins",
  title =      "High-Frequency Burst-Pulse Sounds in Agonistic/Aggressive Interactions in Bottlenose Dolphins, \emph{{T}ursiops truncatus}",
  pages =        "425-431",
  chapter =     "60",
  PUBLISHER =    "The University of Chicago Press Chicago",
  YEAR =         "2004"
}

@BOOK{Chich2004,
  AUTHOR =       "Ferdinand van der Heijden and Robert Duin and Dick de Ridder and David M. J. Tax ",
  TITLE =        "Classification, parameter estimation, and state estimation:an engineering approach using MATLAB",
  PUBLISHER =    "John Wiley \& Sons, Inc.",
  YEAR =         "2004",
  volume =       "",
  number =       "",
  series =       "",
  address =      "",
  edition =      "",
  month =        "Nov.",
  note =         "",
  abstract =     "",
  isbn =         "0470090138",
  price =        "",
  keywords =     "",
  source =       ""
}


@INPROCEEDINGS{Russell1983,
  author="M. J. Russell and R. K. Moore and M. J. Tomlinson",
  booktitle="IEEE International Conference on Acoustics, Speech, and Signal Processing",
   title="Some techniques for incorporating local timescale variability information into a dynamic time-warping algorithm for automatic speech recognition",
  year="1983",
  month="Apr.",
  volume="8",
  number="",
  pages="1037-1040",
  keywords="",
  doi="",
  ISSN=""
}

@ARTICLE{Rabiner1978,
  author="Rabiner, L. and Rosenberg, A. and Levinson, S.",
  journal="IEEE Trans. on Acoustics, Speech and Signal Processing",
  title="Considerations in dynamic time warping algorithms for discrete word recognition",
  year="1978",
  month="Dec.",
  volume="26",
  number="6",
  pages=" 575-582",
  keywords="",
  doi="",
  ISSN="0096-3518"
}

@INPROCEEDINGS{Hagen2006,
  AUTHOR =       "Hagen Kaprykowsky and Xavier Rodet",
  TITLE =        "Globally Optimal Short-Time Dynamic Time Warping Application to Score to Audio Alignment",
  BOOKTITLE =     "IEEE International Conference on Acoustics, Speech, and Signal Processing",
  YEAR =         "2006",
  pages =        "249-252",
  volume = "5"
}

@INPROCEEDINGS{Eamonn2000,
  AUTHOR =       "Eamonn J. Keogh and Michael J. Pazzani",
  TITLE =        "Scaling up Dynamic Time Warping for Datamining Applications",
  BOOKTITLE =      "Proceedings of the sixth ACM, Boston, Massachusetts, US",
  YEAR =         "2000",
  pages =        "285-289"
}
@inproceedings{Max2003,
  AUTHOR =       "Max Frenkel and Ronen Basri",
  TITLE =        "Curve Matching Using the Fast Marching Method",
  booktitle =   "Energy Minimization Methods in Computer Vision and Pattern Recognition 4th International Workshop",
  CHAPTER =      "",
  pages =        "35-51",
  PUBLISHER =    "",
  YEAR =         "2003",
  volume =       "",
  number =       "",
  series =       "Lecture Notes in Computer Science",
  type =         "",
  address =      "",
  edition =      "",
  month =        "",
  note =         "",
  abstract =     "",
  keywords =     ""
}
@ARTICLE{Deborah2005,
  AUTHOR =       "Deborah Fripp and Caryn Owen and Ester Quintana-Rizzo and Ari Shapiro and Kara Bucksaff and Kristine Jankowski and Randall Wells and Peter Tyack",
  TITLE =        "Bottlenose dolphin (\emph{{T}ursiops truncatus}) calves appear to model their signature whistles on the signature whistles of community members",
  JOURNAL =      "the Journal of Experimental Biology",
  YEAR =         "2005",
  volume =       "8",
  number =       "1",
  pages =        "17-27",
  month =        "Jan.",
  note =         "",
  abstract =     "",
  keywords =     "",
  source =       ""
}

@ARTICLE{Sakoe1978,
author="Sakoe, H. and Chiba, S.",
journal="IEEE Trans. on Acoustics, Speech and Signal Processing",
title="Dynamic programming algorithm optimization for spoken word recognition",
year="1978",
month="Feb.",
volume="26",
number="1",
pages=" 43-49",
keywords="",
doi="",
ISSN="0096-3518"
}

@INPROCEEDINGS{Yuan1996,
  author="Ling Yuan and Liqing Zhou and Zemin Liu",
  booktitle="3rd International Conference on Signal Processing",
  title="The self-organizing feature map used for speaker-independent speech recognition",
  year="1996",
  month="14-18",
  volume="1",
  number="",
  pages="733 -736",
  keywords="Kohonen self-organizing feature map;neural network;speaker-independent isolated word recognition;speech recognition;topologically correct mapping;unsupervised learning;self-organising feature maps;speech recognition;unsupervised learning;",
  doi="10.1109/ICSIGP.1996.567367",
  ISSN=""
}

@BOOK{Kohonen2000,
  AUTHOR =       "T. Kohonen",
  editor =       "",
  TITLE =        "the Self-Organizing Maps",
  PUBLISHER =    "Springer",
  YEAR =         "2000",
  volume =       "",
  number =       "",
  series =       "",
  address =      "New York",
  edition =      "Third",
  month =        "",
  note =         "",
  abstract =     "",
  isbn =         "3540679219",
  price =        "",
  keywords =     "",
  source =       ""
}

@BOOK{Cramer1946,
  AUTHOR =       "H. Cramer",
  TITLE =        "Mathematical methods of statistics",
  PUBLISHER =    "Princeton University Press",
  YEAR =         "1946",
  volume =       "",
  number =       "",
  series =       "",
  address =      "",
  edition =      "",
  month =        "",
  note =         "",
  abstract =     "",
  isbn =         "",
  price =        "",
  keywords =     "",
  source =       ""
}

@MASTERSTHESIS{masterthesis-Asitha,
   author = "Mallawaarachchi, A.",
   title = "Spectrogram denoising for the automated extraction of dolphin whistle contous.",
   school = "the National University of Singapore",
   type = "M. {E}ng. thesis",
   year = "2007"
}

@ARTICLE{Judith2006,
  AUTHOR =       "Judith C. Brown and Andrea Hodgins-Davis and Patrick J. O. Miller",
  TITLE =        "Classification of vocalization of killer whales using dynamic time warping",
  JOURNAL =      "JASA Express Letters",
  YEAR =         "2006",
  volume =       "119",
  number =       "3",
  pages =        "",
  month =        "Feb.",
  note =         "",
  abstract =     "",
  keywords =     "",
  source =       ""
}

@ARTICLE{Ashley1996,
  AUTHOR =       "Ashley Walker and Robert Fisher and Nicholas Mitsakakis",
  TITLE =        "Classification of whalesong units using a self-organizing feature mapping algorithm",
  JOURNAL =      "J. Acoust. Soc. Am.",
  YEAR =         "1996",
  volume =       "100",
  number =       "4",
  pages =        "2644",
  month =        "Oct.",
  note =         "",
  abstract =     "",
  keywords =     "",
  source =       ""
}

@ARTICLE{John1993,
  AUTHOR =       "John R. Buck and Peter L. tyack",
  TITLE =        "A quantitative measure of similarity for tursiops truncates signature whistles",
  JOURNAL =      "J. Acoust. Soc. Am.",
  YEAR =         "1993",
  volume =       "94",
  number =       "5",
  pages =        "2497--2506",
  month =        "Nov.",
  note =         "",
  abstract =     "",
  keywords =     "",
  source =       ""
}


@ARTICLE{Vincent1999,
  AUTHOR =       "Vincent M. Janik",
  TITLE =        "Pitfalls in the cauterization of behaviors: a comparison of dolphin whistle classification methods",
  JOURNAL =      "Animal behaviours",
  YEAR =         "1999",
  volume =       "57",
  number =       "",
  pages =        "133--143",
  month =        "",
  note =         "",
  abstract =     "",
  keywords =     "",
  source =       ""
}

@ARTICLE{Belongie2002,
  author="Belongie, S. and Malik, J. and Puzicha, J.",
  journal="IEEE Trans. on Pattern Analysis and Machine Intelligence",
  title="Shape matching and object recognition using shape contexts",
  year="2002",
  month="Apr.",
  volume="24",
  number="4",
  pages="509-522",
  keywords="COIL data set;MPEG;aligning transform;deformable templates;handwritten digits;image matching;image registration;nearest-neighbor classification;object recognition;object similarity;regularized thin-plate splines;shape alignment;shape context;shape matching;shape point correspondence;silhouettes;trademarks;handwritten character recognition;image matching;image registration;object recognition;splines (mathematics);",
  doi="10.1109/34.993558",
  ISSN="0162-8828"
}

@book{Aoki1967,
author={M. Aoki},
title={Optimization of Stochastic Systems, Topics in Discrete-Time Systems},
year={1967},
publisher={Academic Press, New York}
}

@INPROCEEDINGS{Leung2010,
author={Leung, K.Y.K. and Barfoot, T.D. and Liu, H.H.T.},
booktitle={Intelligent Robots and Systems (IROS), 2010 IEEE/RSJ International Conference on},
title={Decentralized cooperative simultaneous localization and mapping for dynamic and sparse robot networks},
year={2010},
month={Oct},
pages={3554-3561},
keywords={SLAM (robots);cooperative systems;multi-robot systems;multivariable systems;robot dynamics;SLAM robot;centralized-equivalent estimation;cooperative multirobot system;decentralized cooperative simultaneous localization and mapping;dynamic robot networks;information exchange;network topology;sparse robot networks},
doi={10.1109/IROS.2010.5652823},
ISSN={2153-0858},}

@INPROCEEDINGS{Sawo2006,
author={Sawo, F. and Brunn, Dietrich and Hanebeck, U.D.},
booktitle={Information Fusion, 2006 9th International Conference on},
title={Parameterized Joint Densities with Gaussian and Gaussian Mixture Marginals},
year={2006},
month={July},
pages={1-8},
keywords={Gaussian processes;filtering theory;multivariable systems;sensor fusion;state estimation;stochastic systems;Gaussian marginals;Gaussian mixture marginals;bounding densities;data fusion;decentralized estimation;decentralized sensor-actuator-network;density functions;distributed phenomenon;filtering technique;generalized correlation parameter;parameterized joint densities;random vector fusion;stochastic systems;Density functional theory;Filters;Pollution measurement;Robustness;Sensor phenomena and characterization;Sensor systems;State estimation;Stochastic processes;Stochastic resonance;Stochastic systems;Stochastic systems;data fusion;decentralized estimation;generalized correlation parameter;parameterized joint density},
doi={10.1109/ICIF.2006.301684},}

@inproceedings{Hanebeck2003,
author = {U. D. Hanebeck and K. Briechle and A. Rauh},
title ={Progressive Bayes: A New Framework for Nonlinear State Estimation},
booktitle={Proceedings
of SPIE, AeroSense Symposium},
year={2003},
}

@INPROCEEDINGS{Trailovic2003,
author={Trailovic, L. and Pao, Lucy Y.},
booktitle={American Control Conference, 2003. Proceedings of the 2003},
title={Position error modeling using gaussian mixture distributions with application to comparison of tracking algorithms},
year={2003},
month={June},
volume={2},
pages={1272-1277},
keywords={Application software;Communication cables;Computer errors;Gaussian distribution;Noise measurement;Parameter estimation;Particle filters;Particle tracking;Power cables;Target tracking},
doi={10.1109/ACC.2003.1239763},
ISSN={0743-1619},}

@ARTICLE{Alspach1972,
author={Alspach, D.L. and Sorenson, H.W.},
journal={Automatic Control, IEEE Transactions on},
title={Nonlinear Bayesian estimation using Gaussian sum approximations},
year={1972},
month={Aug},
volume={17},
number={4},
pages={439-448},
keywords={Approximation methods;Bayes procedures;Nonlinear estimation;Nonlinear systems, stochastic discrete-time;State estimation;Bayesian methods;Density functional theory;Density measurement;Difference equations;Filtering;Gaussian noise;Nonlinear equations;Nonlinear filters;Probability density function;State estimation},
doi={10.1109/TAC.1972.1100034},
ISSN={0018-9286},}

@INPROCEEDINGS{Gupta2005,
author={Gupta, V. and Hassibi, B. and Murray, R.M.},
booktitle={Decision and Control, 2005 and 2005 European Control Conference. CDC-ECC '05. 44th IEEE Conference on},
title={On Sensor Fusion in the Presence of Packet-dropping Communication Channels},
year={2005},
month={Dec},
pages={3547-3552},
keywords={Communication channels;Costs;Filters;Fuses;Mobile communication;Robustness;Sensor fusion;Surveillance;Wireless communication;Wireless sensor networks},
doi={10.1109/CDC.2005.1582712},}


@BOOK{Duda2000,
  AUTHOR =       "R. O. Duda and P. E. Hart and D. G. Stork",
  TITLE =        "Pattern Classification",
  PUBLISHER =    "Wiley-interscience Publication",
  YEAR =         "2000",
  volume =       "",
  number =       "",
  series =       "",
  address =      "",
  edition =      "Second",
  month =        "Nov.",
  note =         "",
  abstract =     "",
  isbn =         "978-0-471-05669-0",
  price =        "",
  keywords =     "",
  source =       ""
}

@ARTICLE{Volker2006,

  AUTHOR =       "Volker B. Deescke and Vincent M. Janik",
  TITLE =        "Automated categorization of bioacoustic signals: Avoiding perceptual pitfalls",
  JOURNAL =      "J. Acoust. Soc. Am.",
  YEAR =         "2006",
  volume =       "119",
  number =       "1",
  pages =        "645--653",
  month =        "Jan.",
  note =         "",
  abstract =     "",
  keywords =     "",
  source =       ""
}

@article{Datta2002,
title = "Dolphin whistle classification for determining group identities",
journal = "Signal Processing",
volume = "82",
number = "2",
pages = "251 - 258",
year = "2002",
note = "",
issn = "0165-1684",
doi = "DOI: 10.1016/S0165-1684(01)00184-0",
url = "http://www.sciencedirect.com/science/article/B6V18-44P6W8N-1/2/e0dfa0fba57ab46ffd2bb5438039c884",
author = "S. Datta and C. Sturtivant",
keywords = "Whistle classification",
keywords = "Dolphin whistles",
keywords = "Unsupervised learning",
keywords = "Underwater acoustics"
}

@ARTICLE{Sethian1996,
  AUTHOR =       "J. A. Sethian",
  TITLE =        "A fast marching level set method for monotonically advancing fronts",
  JOURNAL =      "Proc. Nat. Acad. Sci",
  YEAR =         "1996",
  volume =       "93",
  number =       "4",
  pages =        "1591--1595",
  month =        "",
  note =         "",
  abstract =     "",
  keywords =     "",
  source =       ""
}

@INPROCEEDINGS{Gao2008,
  AUTHOR =       "Rui Gao and Mandar Chitre and S. H. Ong and Elizabeth Taylor",
  TITLE =        "Automatic template matching for classification of dolphin vocalizations",
  BOOKTITLE =      "Proc. of MTS/IEEE Oceans'08, Kobe, Japan",
  YEAR =         "2008"
}


@INPROCEEDINGS{MacQueen1967,
  AUTHOR =       "J. B. MacQueen",
  TITLE =        "Some Methods for classification and Analysis of Multivariate Observations",
  BOOKTITLE =      "Proc. of the 5th Berkeley Symposium on Mathematical Statistics and Probability",
  YEAR =         "1967",
  pages =        "281-297",
  publisher =   "University of California Press"
}

@INPROCEEDINGS{Michael2003,
    author = "Michael Steinbach and Levent Ert�z and Vipin Kumar",
    title = "The challenges of clustering high-dimensional data",
    booktitle = "New Vistas in Statistical Physics: Applications in Econophysics, Bioinformatics, and Pattern Recognition",
    year = "2003",
    publisher = "Springer-Verlag"
}



@ARTICLE{Karypis1999,
  author="Karypis, G. and Eui-Hong Han and Kumar, V.",
  journal="Computer", title="Chameleon: hierarchical clustering using dynamic modeling",
  year="1999",
  month="Aug.",
  volume="32",
  number="8",
  pages="68-75",
  keywords="CURE algorithm;Chameleon algorithm;Rock algorithm;advanced algorithms;aggregate interconnectivity;closeness;closest items;data item clustering;data mining;data set;discovery process;dynamic modeling;graph partitioning algorithm;hierarchical clustering;highly variable clusters;most similar pair;subclusters;two-phase algorithm;data analysis;data mining;graph theory;pattern clustering;",
  doi="10.1109/2.781637",
  ISSN="0018-9162"
}

@ARTICLE{Jonker1987,
  AUTHOR =       "R. Jonker and A. Volgenant",
  TITLE =        "A shortest augmenting path algorithm for dense and sparse linear assignment problems",
  JOURNAL =      "Computing",
  YEAR =         "1987",
  volume =       "38",
  number =       "4",
  pages =        "325--340",
  month =        "Mar.",
  note =         "",
  abstract =     "",
  keywords =     "",
  source =       ""
}

@BOOK{Papa1982,
  AUTHOR =       "C. Papadimitriou and K. Stieglitz",
  TITLE =        "Combinatorial Optimization: Algorithms and Complextiy",
  PUBLISHER =    "Prentice Hall",
  YEAR =         "1982",
  volume =       "",
  number =       "",
  series =       "",
  address =      "",
  edition =      "",
  month =        "",
  note =         "",
  abstract =     "",
  isbn =         "0-13-152462-3",
  price =        "",
  keywords =     "",
  source =       ""
}

@INPROCEEDINGS{Ding2004,
  AUTHOR =       "C. Ding and X. He",
  TITLE =        "K-means Clustering via Principal Component Analysis",
  BOOKTITLE =      "Proc. of Int'l Conf. Machine Learning (ICML 2004)",
  YEAR =         "2004",
  month = "Jul.",
  pages =        "225-232",
  publisher =   "University of California Press"
}

@INPROCEEDINGS{Maha1936,
  AUTHOR =       "Mahalanobis, P. C.",
  TITLE =        "On the generalised distance in statistics",
  BOOKTITLE =      "Proc. of the National Institute of Sciences of India",
  YEAR =         "1936",
  month = "",
    volume =       "2",
  number =       "1",
  pages =        "49-55",
  publisher =   ""
}

@BOOK{Borg1996,
  AUTHOR =       "Ingwer Borg and Patrick Groenen",
  TITLE =        "Moderm Multidimensional Scaling",
  PUBLISHER =    "Springer Series in Statistics",
  YEAR =         "1996",
  volume =       "",
  number =       "",
  series =       "",
  address =      "",
  edition =      "",
  month =        "Dec.",
  note =         "",
  abstract =     "",
  isbn =         "9780387948454",
  price =        "",
  keywords =     "",
  source =       ""
}


@incollection{Caldwell1990,
    author =    "Caldwell, M. C. and D. K. Caldwell and P. L. Tyack",
    editor =    "Leatherwood, S. and R. R. Reeves",
    title =     "A review of the signature whistle hypothesis for the Atlantic bottlenoise dolphin, \emph{Tursiop truncatus}",
    booktitle = "The Bottlenose Dolphin",
    publisher = "San Diego, California: Academic Press, Inc.",
    year =      "1990",

    edition =   "",
    series =    "",
    month =     "",
    volume =    "",
    number =    "",
    chapter =   "",
    pages =     "199-234"
}

@misc{Belongie2001,
     author =   "Serge Belongie and Jitendra Malik and Jan Puzicha",
     title =    "Matching with Shape Contexts",
     howpublished = "",
     month =    "Oct.",
     year =     "2001",
     note =     "",
     url =      "http://www.eecs.berkeley.edu/Research/Projects/CS/vision/shape/sc_digits.html"
     }

@ARTICLE{Canny1986,
author={Canny, John},
journal={IEEE Trans. on Pattern Analysis and Machine Intelligence},
title={A Computational Approach to Edge Detection},
year={1986},
month={Nov.},
volume={PAMI-8},
number={6},
pages={679 -698},
keywords={},
doi={10.1109/TPAMI.1986.4767851},
ISSN={0162-8828}
}

@BOOK{Andrew1999,
  AUTHOR =       "Andrew Webb",
  TITLE =        "Statistical pattern classification",
  PUBLISHER =    "London: Arnold",
  YEAR =         "1999",
  volume =       "",
  number =       "",
  series =       "",
  address =      "",
  edition =      "2",
  month =        "",
  note =         "",
  abstract =     "",
  isbn =         "0340741643",
  price =        "",
  keywords =     "",
  source =       ""
}

@ARTICLE{Martinez2001,
author={Martinez, A.M. and Kak, A.C.},
journal={IEEE Trans. on Pattern Analysis and Machine Intelligence},
title={{PCA} versus {LDA}},
year={2001},
month={Feb.},
volume={23},
number={2},
pages={228-233},
keywords={LDA;PCA;appearance-based paradigm;face database;linear discriminant analysis;object recognition;principal components analysis;image recognition;object recognition;principal component analysis;},
doi={10.1109/34.908974},
ISSN={0162-8828}
}

@BOOK{George1984,
  AUTHOR =       "George A. F. Seber",
  TITLE =        "Multivariate Observations",
  PUBLISHER =    "John Wiley \& Sons, Inc.",
  YEAR =         "1984",
  volume =       "",
  number =       "",
  series =       "",
  address =      "",
  edition =      "",
  month =        "",
  note =         "",
  abstract =     "",
  isbn =         "",
  price =        "",
  keywords =     "",
  source =       ""
}

@BOOK{Philip1993,
  AUTHOR =       "Philip D. Wasserman",
  TITLE =        "Advanced Methods in Neural Computing",
  PUBLISHER =    "John Wiley \& Sons, Inc. New York, USA",
  YEAR =         "1993",
  volume =       "",
  number =       "",
  series =       "",
  address =      "",
  edition =      "",
  month =        "",
  note =         "",
  abstract =     "",
  isbn =         "0442004613",
  price =        "",
  keywords =     "",
  source =       ""
}

@INPROCEEDINGS{Merwe,
  AUTHOR =       "R. van der Merwe, A. Doucet, N. de Freitas and E. Wan",
  TITLE =        "The unscented particle filter",
  BOOKTITLE =      "Advances in Neural Information Processing Systems (NIPS13)",
  YEAR =         "2000",
  month = "Dec.",
    volume =       "2",
  number =       "1",
  pages =        "49-55",
  publisher =   ""
}

@INPROCEEDINGS{Busquets2012, 
author={J. Busquets and Jose Vicente Busquets and D. Tudela and F. Pérez and J. Busquets-Carbonell and A. Barberá and C. Rodríguez and A. J. García and J. Gilabert}, 
booktitle={2012 IEEE/OES Autonomous Underwater Vehicles (AUV)}, 
title={Low-cost {AUV} based on Arduino open source microcontroller board for oceanographic research applications in a collaborative long term deployment missions and suitable for combining with an USV as autonomous automatic recharging platform}, 
year={2012}, 
volume={}, 
number={}, 
pages={1-10}, 
keywords={autonomous underwater vehicles;feature extraction;microcontrollers;mobile robots;oceanographic techniques;path planning;public domain software;telerobotics;Arduino open source microcontroller board-based low-cost AUV;AUV deployments;oceanographic research;source of information;sea gliders;long range operations;automatic switching system navigation-charging operation;continuous surveying operation;AUV 2010 conference;MBARI;oceanic processes;Cartagena;Spain;cape Tinoso;Mar Menor;shallow coastal lagoon;Mediterranean sea;oceanographic research applications;collaborative long term deployment missions;USV;autonomous automatic recharging platform;Vehicles;Sensors;Sea measurements;Actuators;Engines;Sea surface;Batteries;AUV;automatic;long term;low cost submersible vehicle;Arduino;oceanography;underwater vehicle;vehicle autonomy;distributed computing;low cost AUV}, 
doi={10.1109/AUV.2012.6380720}, 
ISSN={2377-6536}, 
month={Sept},}